2923 3605
2501 252 2539 312 1

709 301 904 361 Basler

1519 383 1695 443 Basel,
1740 385 1815 445 den
1859 383 1947 443 16.
1986 379 2200 439 Februar
2244 379 2389 439 1926.

296 385 1306 445 Rheinschiffahrt-Aktiengesellschaft

654 453 853 513 Marktgaste
883 448 937 508 51l

597 544 742 604 Telephon:
763 545 843 605 Birsig
869 545 1000 605 69.90-92

601 595 785 655 Telegramme:
808 595 993 655 Navibale

593 641 744 701 Postcheck-
757 640 837 700 Konto
875 640 888 700 V
925 641 992 701 3012

397 701 646 761 Bankverbindung:
662 701 887 761 Schweizerischer
911 701 1084 761 Bankverein,
1100 701 1180 761 Basel

1386 731 1528 791 Herrn
1599 730 1965 790 Christ,

1450 832 1587 892 i/Fa.
1628 829 1964 889 Paravicini,
2005 826 2183 886 Christ
2217 826 2258 886 &
2286 827 2395 887 Co.,

2085 922 2388 982 Basel.

2020 970 2415 1030 Kaufhausgasse
2450 969 2512 1029 7.

751 1082 854 1142 Sehr
902 1084 1138 1144 geehrter
1174 1080 1295 1140 Herr
1338 1079 1544 1139 Christ,

1544 1177 1683 1237 Durch
1722 1175 1867 1235 Herrn
1906 1171 2236 1231 Ryniker/Dr.
2275 1169 2355 1229 Max
2400 1168 2598 1228 Vischer

747 1280 881 1340 haben
931 1279 1009 1339 Sie
1052 1277 1464 1337 wahrscheinlich
1514 1275 1777 1335 erfahren,
1820 1273 1934 1333 dass
1969 1271 2147 1331 unsere
2182 1268 2544 1328 Gesellschaft

765 1381 835 1441 ein
877 1378 1323 1438 Dieselmotorboot
1366 1375 1599 1435 bestellt
1634 1374 1747 1434 hat.
1790 1373 1868 1433 Das
1910 1372 2024 1432 Boot
2059 1370 2172 1430 wird
2215 1368 2420 1428 ähnlich
2462 1366 2539 1426 ge-

759 1480 863 1540 baut
905 1480 989 1540 wie
1030 1480 1107 1540 Ihr
1148 1477 1539 1537 Passagierboot
1580 1474 1998 1534 "Rheinfelden".
2032 1471 2088 1531 Es
2123 1471 2213 1531 ist
2248 1469 2540 1529 allerdings

763 1576 841 1636 ca.
880 1576 900 1636 6
946 1576 959 1636 m
1005 1576 1176 1636 kürzer
1222 1574 1300 1634 und
1340 1573 1418 1633 ca.
1464 1572 1543 1632 1/2
1582 1570 1635 1630 m.
1675 1568 1943 1628 schmäler.
1976 1567 2028 1627 Es
2068 1565 2179 1625 soll
2226 1565 2331 1625 dazu
2376 1564 2580 1624 dienen,

758 1678 801 1738 im
837 1675 1170 1735 Hafengebiet
1213 1673 1285 1733 von
1329 1672 1473 1732 Basel
1516 1671 1596 1731 die
1640 1670 1720 1730 auf
1763 1669 1835 1729 dem
1879 1669 2117 1729 Hüninger
2153 1666 2298 1726 Kanal
2341 1665 2666 1725 eintreffen-

762 1777 836 1837 den
879 1774 1237 1834 Kanalschiffe
1281 1772 1324 1832 zu
1367 1772 1509 1832 ihrer
1553 1769 1874 1829 Löschstelle
1917 1768 1966 1828 zu
2003 1768 2393 1828 verschleppen.
2436 1768 2485 1828 Da

771 1876 911 1936 diese
953 1874 1123 1934 Arbeit
1165 1873 1327 1933 allein
1377 1871 1490 1931 aber
1525 1871 1673 1931 nicht
1708 1870 2033 1930 ermöglicht,
2076 1867 2153 1927 ein
2195 1867 2308 1927 Boot
2343 1864 2668 1924 wirtschaft-

767 1975 875 2035 lich
919 1975 970 2035 zu
1014 1973 1307 2033 betreiben,
1351 1972 1484 2032 haben
1529 1970 1612 2030 wir
1656 1970 1738 2030 das
1777 1970 1890 2030 Boot
1935 1969 1980 2029 so
2024 1969 2164 2029 bauen
2202 1966 2411 2026 lassen,
2450 1965 2563 2025 dass

772 2070 820 2130 es
862 2068 1213 2128 gleichzeitig
1255 2066 1333 2126 der
1376 2064 1938 2124 Personenbeförderung
1981 2063 2149 2123 dienen
2192 2063 2337 2123 kann.

1314 2164 1391 2224 Der
1427 2164 1821 2224 Kanalverkehr,
1856 2162 1940 2222 der
1981 2161 2053 2221 dem
2100 2160 2214 2220 Boot
2255 2159 2297 2219 im
2345 2158 2577 2218 Schlepp-

777 2268 1005 2328 geschäft
1042 2266 1433 2326 Beschäftigung
1478 2263 1684 2323 bringt,
1721 2262 1927 2322 beginnt
1965 2261 2016 2321 in
2060 2260 2142 2320 der
2178 2260 2319 2320 Regel
2363 2259 2414 2319 im
2451 2257 2628 2317 Herbst

771 2367 848 2427 und
884 2365 1061 2425 dauert
1104 2363 1183 2423 bis
1225 2363 1303 2423 zum
1345 2362 1616 2422 Frühjahr.
1651 2361 1708 2421 Er
1743 2360 1829 2420 ist
1864 2360 1977 2420 eine
2013 2359 2283 2419 Ergänzung
2326 2355 2403 2415 zum
2447 2353 2616 2413 Rhein-

769 2464 997 2524 Verkehr.
1042 2464 1086 2524 Im
1130 2462 1301 2522 Sommer
1346 2461 1428 2521 ist
1466 2461 1549 2521 das
1587 2459 1701 2519 Boot
1739 2458 1822 2518 zur
1859 2456 2158 2516 Hauptsache
2202 2456 2272 2516 für
2297 2455 2373 2515 die
2411 2455 2677 2515 Personen-

775 2563 1098 2623 beförderung
1142 2561 1433 2621 verfügbar.
1478 2560 1554 2620 Die
1598 2558 1737 2618 Pläne
1781 2557 1864 2617 des
1902 2556 2073 2616 Bootes
2118 2555 2225 2615 sind
2270 2555 2345 2615 von
2389 2555 2529 2615 Herrn

772 2661 1338 2721 Schiffbau-Ingenieur
1382 2659 1587 2719 Ryniker
1630 2657 1923 2717 entworfen.
1960 2655 2041 2715 Das
2085 2654 2197 2714 Boot
2240 2653 2384 2713 fasst
2427 2653 2589 2713 bequem

769 2761 847 2821 150
886 2759 1183 2819 Sitzplätze
1229 2757 1301 2817 und
1347 2755 1426 2815 ca.
1465 2755 1518 2815 50
1558 2753 1669 2813 gute
1715 2752 2005 2812 Stehplätze
2050 2752 2162 2812 oder
2202 2752 2708 2812 Feldsesselplätze.

1326 2855 1400 2915 Wir
1444 2854 1550 2914 sind
1594 2852 1675 2912 nun
1718 2851 2199 2911 natürlicherweise
2236 2849 2317 2909 als
2360 2847 2591 2907 Erwerbs-

777 2956 1135 3016 gesellschaft
1173 2955 1344 3015 darauf
1388 2953 1717 3013 angewiesen,
1754 2951 1836 3011 mit
1873 2950 1948 3010 dem
1993 2949 2112 3009 Boot
2149 2948 2417 3008 möglichst
2454 2947 2566 3007 viel

778 3056 822 3116 zu
866 3056 1165 3116 verdienen.
1202 3055 1253 3115 Da
1292 3055 1374 3115 die
1418 3053 1589 3113 Basler
1627 3048 2571 3108 Personenschiffahrtsgesellschaft
2609 3047 2653 3107 in

774 3160 849 3220 der
896 3160 1122 3220 gleichen
1164 3158 1273 3218 Lage
1314 3157 1430 3217 ist,
1471 3155 1519 3215 so
1560 3155 1669 3215 wäre
1717 3153 1765 3213 zu
1806 3151 2162 3211 untersuchen,
2210 3149 2251 3209 ob
2291 3149 2435 3209 nicht
2476 3148 2525 3208 im
2565 3148 2681 3208 Per-

2471 3253 2564 3313 ./.
