2925 3608
1437 319 1448 379 -
1499 321 1517 381 3
1568 319 1586 379 -

2252 415 2469 475 4.3.26.

1704 424 2029 484 Basel.

713 427 853 487 Herrn
926 427 1299 487 Christ,

711 577 789 637 für
831 575 1141 635 Brennstoff
1183 574 1255 634 und
1302 574 1416 634 Oel.

1286 659 1327 719 Zu
1374 659 1545 719 Lasten
1593 659 1669 719 des
1710 658 2039 718 Eigentümers
2087 655 2228 715 jedes
2269 652 2504 712 Schiffes

726 749 854 809 gehen
900 748 977 808 die
1022 746 1189 806 Kosten
1234 745 1311 805 für
1356 745 1652 805 Unterhalt,
1684 743 1858 803 Ersatz
1902 742 1980 802 von
2025 740 2436 800 Inventargegen-

723 842 915 902 ständen
964 842 1041 902 und
1079 841 1528 901 Maschinenteilen
1578 839 1654 899 und
1693 838 2054 898 Reparaturen.

722 938 769 998 2.
808 938 1082 998 Personal:

1292 1028 1364 1088 Die
1409 1028 1581 1088 Basler
1626 1024 2656 1084 Rheinschiffahrt-Aktiengesellschaft

725 1126 886 1186 stellt
931 1126 1008 1186 das
1053 1124 1130 1184 für
1169 1124 1246 1184 den
1291 1123 1491 1183 Betrieb
1535 1123 1709 1183 nötige
1748 1121 1980 1181 Personal
2024 1120 2108 1180 an.
2147 1119 2224 1179 Sie
2263 1117 2533 1177 übernimmt

720 1225 795 1285 die
842 1225 1259 1285 Verpflichtung,
1300 1223 1497 1283 Kapitän
1552 1222 1620 1282 und
1661 1220 2016 1280 Maschinisten
2063 1217 2139 1277 des
2180 1217 2350 1277 Bootes
2398 1216 2595 1276 "Rhein-

714 1325 918 1385 felden"
963 1324 1043 1384 für
1089 1324 1168 1384 das
1208 1322 1352 1382 ganze
1392 1322 1510 1382 Jahr
1557 1321 1912 1381 anzustellen.

1299 1420 1373 1480 Für
1413 1420 1494 1480 die
1539 1420 1683 1480 Dauer
1723 1418 1803 1478 des
1843 1415 2514 1475 Gemeinschaftsbetriebes

726 1514 861 1574 gehen
902 1513 984 1573 die
1031 1512 1255 1572 gesamten
1296 1509 1709 1569 Personalkosten
1750 1507 1805 1567 zu
1839 1507 2008 1567 Lasten
2055 1505 2137 1565 der
2178 1503 2591 1563 Gemeinschafts-

717 1610 1000 1670 rechnung.

1299 1702 1369 1762 Für
1416 1703 1702 1763 diejenigen
1748 1703 1953 1763 Monate,
1993 1702 2040 1762 in
2087 1700 2227 1760 denen
2268 1700 2349 1760 die
2397 1699 2595 1759 "Rhein-

726 1807 919 1867 felden"
962 1805 1167 1865 infolge
1210 1803 1591 1863 geschlossener
1633 1799 2173 1859 Personenschiffahrt
2215 1799 2348 1859 still
2391 1802 2566 1862 liegt,

722 1903 958 1963 vergütet
997 1901 1077 1961 die
1116 1898 2058 1958 Personenschiffahrtsgesellschaft
2097 1896 2143 1956 an
2189 1895 2261 1955 die
2308 1895 2571 1955 Personal-

734 2003 927 2063 kosten,
965 2002 1165 2062 Kapitän
1216 2000 1293 2060 und
1332 1999 1660 2059 Maschinist,
1698 1996 1782 2056 der
1820 1996 1994 2056 Basler
2033 1994 2508 2054 Rheinschiffahrt-

731 2101 1265 2161 Aktiengesellschaft
1307 2099 1379 2159 ein
1428 2098 1689 2158 Wartegeld
1732 2096 1811 2156 von
1853 2095 2090 2155 Schw.Fr.
2126 2095 2272 2155 100.-
2314 2095 2393 2155 pro
2430 2095 2539 2155 Mann

736 2198 813 2258 und
852 2197 1039 2257 Monat.

1306 2285 1378 2345 Die
1421 2285 2030 2345 Personalversicherung
2079 2284 2188 2344 geht
2235 2282 2308 2342 für
2357 2280 2435 2340 die

718 2381 860 2441 Dauer
905 2380 985 2440 des
1023 2378 1689 2438 Gemeinschaftsbetriebes
1733 2377 1776 2437 zu
1820 2377 1988 2437 Lasten
2038 2375 2118 2435 der
2162 2374 2573 2434 Gemeinschafts-

727 2479 1012 2539 rechnung.

1298 2575 1371 2635 Die
1414 2573 2115 2633 Haftpflichtversicherung
2158 2572 2238 2632 für
2281 2572 2361 2632 die
2404 2572 2545 2632 Fahr-

733 2678 870 2738 gäste
915 2678 1023 2738 geht
1068 2678 1329 2738 ebenfalls
1368 2677 1419 2737 zu
1459 2675 1624 2735 Lasten
1669 2674 1754 2734 der
1794 2672 2451 2732 Gemeinschaftsrechnung.

728 2770 789 2830 3.
826 2768 1188 2828 Verrechnung:

1300 2864 1374 2924 Der
1415 2864 1524 2924 nach
1570 2864 1834 2924 Bezahlung
1881 2863 2018 2923 aller
2064 2863 2110 2923 zu
2156 2861 2323 2921 Lasten
2375 2860 2449 2920 der

724 2963 1355 3023 Gemeinschaftsrechnung
1395 2963 1624 3023 gehenden
1670 2962 1875 3022 Beträge
1915 2960 2272 3020 verbleibende
2313 2957 2576 3017 Betriebs-

739 3062 1026 3122 überschuss
1065 3062 1176 3122 wird
1220 3061 1264 3121 in
1314 3061 1447 3121 einem
1497 3059 1657 3119 festen
1707 3059 1995 3119 Verhältnis
2039 3058 2267 3118 zwischen
2311 3058 2388 3118 den
2432 3058 2598 3118 beiden

741 3163 1272 3223 Schiffseigentümern
1317 3161 1580 3221 verteilt.
1626 3160 1700 3220 Wir
1746 3159 1974 3219 schlagen
2020 3158 2100 3218 die
2140 3158 2437 3218 Verteilung
2483 3159 2528 3219 so

2283 3264 2383 3324 ./.
