2925 3604
1212 416 1308 476 Max
1348 418 1371 478 V

625 424 772 484 Herrn
802 421 1040 481 Früglden

1204 568 1248 628 1.
1283 567 1423 627 Mitte
1467 563 1669 623 Fobruar
1704 562 1792 622 hat
1818 560 1941 620 Herr
1977 557 2485 617 Schiffban-Ingenie

953 670 1125 730 underm
1161 666 1580 726 Einverständnis
1625 662 1762 722 Ihnen
1798 660 2035 720 Kenntnis
2080 659 2280 719 gegeben
2326 659 2399 719 von
2436 659 2517 719 dem

675 673 762 733 mik

631 771 705 831 Bau
742 769 947 829 unseres
984 767 1161 827 Bootes
1207 767 1374 827 "Vogel
1411 766 1589 826 Gryf",
1626 766 1700 826 und
1747 764 1914 824 daven,
1951 761 2063 821 dass
2109 759 2183 819 wir
2231 755 2518 815 grundsütz-

619 872 730 932 lich
778 872 955 932 bereit
992 871 1160 931 seien,
1197 868 1252 928 in
1290 866 1440 926 einer
1477 864 1551 924 für
1597 862 1737 922 beide
1775 857 2194 917 Gesellschaften
2231 856 2586 916 befriedigen-

629 973 705 1033 den
743 971 847 1031 Form
896 970 1125 1030 zusammen
1163 967 1220 1027 zu
1259 965 1526 1025 arbeiten.
1555 964 1641 1024 Sie
1679 961 1822 1021 haben
1860 960 1994 1020 Horrn
2042 959 2252 1019 Ryniker
2281 958 2615 1018 mitgeteilt,

622 1073 732 1133 dass
768 1072 851 1132 Sie
889 1072 1035 1132 Mitte
1072 1070 1274 1130 Februar
1311 1066 1486 1126 einige
1522 1066 1641 1126 Zeit
1678 1063 1725 1123 in
1771 1063 1853 1123 die
1890 1060 2056 1120 Ferien
2101 1059 2275 1119 gehen,
2313 1058 2368 1118 er
2405 1057 2542 1117 möcht

684 1174 713 1234 is
752 1174 957 1234 bitten,
996 1171 1103 1231 über
1142 1170 1220 1230 ein
1269 1166 1737 1226 Zusammenarbeiten
1785 1163 1864 1223 mit
1903 1162 2039 1222 Herrn
2088 1160 2264 1220 Christ
2303 1159 2351 1219 zu
2390 1158 2507 1218 ver-

630 1273 864 1333 hundeln.

2253 1355 2432 1415 Christ

692 1472 868 1532 nIhre

1336 1561 1463 1621 ment

1564 1562 1648 1622 te

1240 1663 1310 1723 ben
1355 1664 1433 1724 von
1472 1666 1557 1726 16.
1596 1664 1712 1724 Febr

1446 1761 1719 1821 tgeteilt.

660 1774 676 1834 n
723 1774 841 1834 Beza

1501 1864 1619 1924 März
1664 1864 1773 1924 fand
1818 1865 1917 1925 eine
1963 1861 2252 1921 eingehende

1516 1962 1748 2022 ettinger
1788 1960 1866 2020 und
1904 1958 1982 2018 den
2021 1955 2196 2015 beiden
2235 1952 2566 2012 Unterzeich-

761 1970 868 2030 chen
909 1970 991 2030 den
1024 1969 1148 2029 Herr

1379 2062 1529 2122 Merrn
1575 2059 1697 2119 Paul
1735 2057 1940 2117 Christz
1969 2056 2146 2116 statt.
2174 2055 2231 2115 Es
2268 2053 2539 2113 herrschte

1135 2066 1167 2126 ro

637 2069 776 2129 neten
822 2070 906 2130 auf

649 2170 719 2230 bei
759 2170 900 2230 allen
940 2169 991 2229 an
1031 2168 1110 2228 der
1152 2166 1473 2226 Besprechung
1513 2162 1834 2222 Beteiligten
1874 2159 1954 2219 die
1995 2158 2236 2218 Meinung,
2266 2156 2386 2216 dass
2426 2156 2436 2216 u

642 2272 786 2332 dingt
817 2271 899 2331 ein
940 2269 1084 2329 enges
1126 2264 1600 2324 Zusermenarbeiten
1641 2261 1682 2321 im
1733 2258 1991 2318 Interesse
2032 2257 2115 2317 der
2145 2255 2320 2315 beiden
2361 2253 2567 2313 Gesell-

934 2368 1055 2428 Nre.
1092 2366 1138 2426 Zu
1185 2364 1352 2424 diesem
1389 2362 1864 2422 Zusammenarbeiten
1910 2359 2172 2419 erklärten
2209 2356 2293 2416 wir
2330 2354 2414 2414 uns
2461 2351 2536 2411 bai

649 2371 786 2431 schaf

643 2465 724 2525 Wir
765 2464 1081 2524 bestätigten
1121 2462 1203 2522 den
1253 2460 1416 2520 Inhalt
1458 2458 1538 2518 der
1580 2455 1906 2515 Unterredung
1946 2452 2048 2512 nach
2088 2450 2425 2510 Rücksprache
2456 2449 2538 2509 mit

918 2564 1175 2624 deldenten
1218 2562 1261 2622 in
1304 2559 1476 2619 unsern
1518 2555 1870 2615 Schreibenvom
1913 2554 1964 2614 4.
1999 2554 2144 2614 März.

1240 2662 1286 2722 4.
1324 2662 1379 2722 Un
1416 2660 1499 2720 den
1537 2659 1629 2719 24.
1657 2656 1777 2716 Marz
1815 2654 1926 2714 fand
1972 2652 2056 2712 auf
2092 2650 2176 2710 dem
2212 2648 2389 2708 Bureau

641 2767 784 2827 Herrn
822 2767 907 2827 Dr.
946 2764 1174 2824 Krasting
1222 2762 1327 2822 eine
1364 2761 1478 2821 neue
1517 2756 1841 2816 Besprechung
1879 2752 2117 2812 zwischen
2146 2750 2288 2810 Herrn
2335 2749 2412 2809 Dr.
2450 2750 2592 2810 Krast

1497 2858 1603 2918 Aupf
1638 2858 1816 2918 statt.
1859 2857 1904 2917 In
1948 2855 2116 2915 dieser
2152 2854 2452 2914 Besprechun

639 2867 787 2927 Herrn
833 2865 1008 2925 Christ

654 2966 816 3026 machte
857 2965 968 3025 Herr
1010 2963 1182 3023 Christ
1224 2961 1355 3021 einen
1397 2960 1539 3020 neuen
1580 2957 1844 3017 Vorschläg
1885 2955 1967 3015 für
2007 2953 2088 3013 ein
2130 2949 2475 3009 Eusamenarbe

647 3066 735 3126 der
764 3065 1087 3125 bestehenden
1136 3062 1478 3122 persönlichen
1527 3058 1850 3118 Abneigungen
1889 3055 2114 3115 Rechnung
2162 3053 2329 3113 tragen
2368 3052 2573 3112 sollte.

2326 3151 2417 3211 lich

645 3166 759 3226 Herr
798 3164 969 3224 Chriet
1007 3163 1188 3223 machte
1227 3160 1389 3220 diesen
1437 3158 1695 3218 Verschlag
1742 3157 1818 3217 ven
1857 3157 1971 3217 eich
2010 3157 2085 3217 aum
