2899 3568
619 413 776 473 Herrn
818 412 1073 472 Fräsident
1116 412 1203 472 Dr.

1918 413 1937 473 2

1366 415 1599 475 Vischer.

2300 415 2541 475 El.6.26.

622 562 822 622 behielt
860 562 968 622 sich
1014 562 1336 622 Genhhmigang
1376 562 1514 622 durch
1560 563 1636 623 dem
1675 563 1913 623 Vorstand
1952 565 2067 625 ver.
2098 565 2213 625 Herr
2252 565 2513 625 Groschmpf

621 660 946 720 akzeptierte
985 661 1065 721 den
1105 661 1367 721 Verschleg
1406 661 1517 721 ohne
1557 661 1826 721 weiteres.
1858 661 1946 721 Die
1977 661 2302 721 Besprechung
2349 661 2484 721 wurde

625 753 887 813 bestätigt
919 754 967 814 is
1014 754 1157 814 Brief
1198 755 1269 815 vom
1316 755 1396 815 24.
1435 755 1547 815 März
1586 755 1698 815 1926
1737 754 1785 814 an
1833 754 1912 814 die
1952 752 2214 812 Direktion
2254 751 2333 811 der

621 849 978 909 Ausstellung.
1015 853 1097 913 Wir
1134 856 1454 916 gestatteten
1501 856 1610 916 ans,
1647 854 1785 914 Herrn
1830 854 2004 914 Christ
2042 853 2178 913 Xopie
2225 853 2298 913 ven
2344 854 2509 914 diesen

678 946 766 1006 rief
806 949 854 1009 zu
902 952 1198 1012 übergeben.

1226 1050 1277 1110 5.
1311 1048 1431 1108 Herr
1466 1048 1637 1108 Christ
1679 1048 1971 1108 bestätigte
2013 1048 2091 1108 mit
2133 1049 2390 1109 Schreiben
2434 1048 2510 1108 von

618 1148 701 1208 13.
742 1150 849 1210 Marz
891 1150 974 1210 den
1015 1150 1214 1210 Mapfang
1255 1150 1454 1210 unserse
1504 1150 1785 1210 Jchreibens
1827 1148 1901 1208 von
1951 1148 2034 1208 14.
2067 1148 2274 1208 Februar
2307 1150 2390 1210 und

621 1249 677 1309 4.
709 1249 854 1309 März,
895 1250 1031 1310 sowie
1072 1250 1160 1310 der
1193 1250 1338 1310 Kopie
1378 1249 1579 1309 unseres
1619 1247 1909 1307 Jchreibens
1958 1247 2030 1307 von
2079 1247 2159 1307 24.
2191 1248 2304 1308 März
2344 1249 2393 1309 an
2441 1251 2514 1311 die

617 1349 975 1409 Ausstellung.
1014 1349 1062 1409 Er
1102 1349 1277 1409 teilte
1316 1349 1396 1409 uns
1436 1349 1555 1409 mit,
1587 1349 1698 1409 dass
1738 1348 1794 1408 er
1833 1348 1977 1408 seene
2016 1348 2310 1408 Bemühungen
2350 1349 2485 1409 fert-

623 1450 797 1510 setze,
830 1450 913 1510 und
954 1450 1062 1510 dass
1103 1450 1153 1510 er
1195 1450 1369 1510 hoffe,
1411 1448 1452 1508 in
1493 1448 1577 1508 der
1618 1448 1850 1508 nächsten
1891 1448 1999 1508 Zeit
2041 1448 2248 1508 hierauf
2281 1450 2455 1510 zurück

673 1546 788 1606 men
831 1546 880 1606 zu
921 1549 1129 1609 können.
1162 1549 1220 1609 Er
1253 1549 1428 1609 tellte
1461 1549 1577 1609 mit,
1618 1547 1727 1607 dass
1768 1547 1850 1607 die
1893 1547 2216 1607 Widerstande
2249 1547 2299 1607 in
2340 1549 2514 1609 Kreise

621 1639 704 1699 des
738 1641 1033 1701 Verstandes
1075 1643 1209 1703 gegen
1252 1643 1369 1703 eine
1402 1642 2000 1702 Betriebegeseinschaft
2042 1642 2244 1702 grösser
2277 1643 2329 1703 zu
2370 1645 2479 1705 sein

624 1741 891 1801 scheinen,
928 1744 1007 1804 als
1043 1744 1097 1804 er
1132 1741 1489 1801 ursprünglich
1524 1739 1766 1799 geglaubt
1801 1742 1944 1802 habe.

1217 1834 1271 1894 6.
1309 1835 1486 1895 Einige
1525 1837 1640 1897 Tage
1678 1835 1847 1895 darzuf
1893 1835 2146 1895 erhielten
2193 1835 2269 1895 wir
2308 1837 2385 1897 von

625 1929 763 1989 Herrn
804 1930 886 1990 Dr.
918 1931 1154 1991 Krasting
1195 1931 1546 1991 telephonisch
1586 1931 1668 1991 die
1700 1931 2027 1991 Mitteilung,
2068 1930 2181 1990 dass
2214 1930 2329 1990 Herr
2369 1930 2548 1990 Christ

626 2020 704 2080 ihn
738 2021 1067 2081 verständigt
1102 2023 1249 2083 habe,
1284 2023 1336 2083 er
1370 2023 1518 2083 Eisse
1561 2023 1726 2083 seinen
1769 2023 2063 2083 Vorschlag,
2098 2023 2176 2083 den
2219 2021 2271 2081 er
2306 2021 2358 2081 in
2401 2019 2478 2079 der

652 2119 817 2179 etsien
858 2119 1182 2179 Besprectung
1223 2119 1430 2179 genacht
1463 2119 1612 2179 habe,
1646 2117 2034 2177 srrückziehen,
2067 2117 2184 2177 weil
2217 2118 2299 2178 Sie
2340 2119 2424 2179 und
2457 2119 2572 2179 Herr

623 2219 947 2279 Stauffscher
981 2221 1067 2281 mit
1109 2221 1186 2281 des
1228 2221 1485 2281 Vorschlag
1528 2219 1672 2279 nicht
1707 2218 2091 2278 einverstenden
2134 2219 2304 2279 deien.

1230 2320 1305 2380 Wir
1348 2318 1618 2378 eiklärten
1643 2318 1786 2378 Herrn
1828 2320 1913 2380 Dr.
1946 2320 2216 2380 Krasting,
2251 2320 2359 2380 dass
2402 2320 2478 2380 wir

623 2416 756 2476 jeden
798 2418 997 2478 weitern
1048 2419 1338 2479 Vorschlag,
1380 2419 1463 2479 der
1497 2419 1571 2479 ein
1621 2417 1971 2477 vernänftiges
2012 2416 2486 2476 Zusanmenarbeiten

621 2519 945 2579 ermöglicht,
985 2519 1214 2579 annehmen
1254 2519 1460 2579 würden.
1491 2519 1611 2579 Herr
1642 2519 1729 2579 Dr.
1768 2519 1998 2579 Krasting
2037 2519 2307 2579 erklärte,
2347 2519 2449 2579 dass
2489 2519 2544 2579 er

625 2620 732 2680 sich
773 2620 1122 2680 gelegentlich
1163 2618 1247 2678 mit
1288 2618 1429 2678 Ihnen
1470 2618 1644 2678 wieder
1677 2618 1727 2678 in
1769 2618 2059 2678 Verbindung
2100 2618 2274 2678 setzen
2316 2618 2481 2678 werde.

1241 2715 1333 2775 Ende
1375 2717 1460 2777 Mai
1502 2719 1695 2779 fragten
1737 2719 1821 2779 wir
1855 2719 1998 2779 Herrn
2040 2717 2217 2777 Christ
2250 2717 2603 2777 telerhenisch

900 2815 1032 2875 itere
1073 2816 1455 2876 Verhandlungen
1496 2816 1762 2876 erwänscht
1803 2816 1976 2876 seien,
2010 2816 2118 2876 oder
2159 2815 2209 2875 ob
2251 2815 2333 2875 wir
2374 2815 2450 2875 die
2491 2814 2606 2874 Ver-

947 2918 1038 2978 als
1071 2917 1394 2977 abgebrechen
1436 2917 1486 2977 zu
1527 2915 1817 2975 betrachten
1859 2914 2066 2974 hätten.
2099 2914 2216 2974 Herr
2249 2914 2423 2974 Christ
2464 2915 2547 2975 er-

627 3017 860 3077 klärten,
892 3017 949 3077 er
989 3017 1070 3077 sei
1102 3017 1190 3077 der
1231 3017 1464 3077 Meinang,
1504 3017 1609 3077 dass
1649 3016 1851 3076 weitere
1891 3016 2277 3076 Verhandlungen
2318 3016 2583 3076 unbedingt

623 3117 767 3177 nätig
810 3118 947 3178 seien
989 3118 1032 3178 im
1075 3118 1340 3178 Interesse
1374 3116 1553 3176 beider
1587 3116 2031 3176 Gesellschaften.
2065 3116 2125 3176 Er
2159 3116 2245 3176 sei
2279 3116 2398 3176 ohne
2432 3117 2662 3177 weiteres

628 3220 826 3280 bereit,
863 3217 976 3277 nach
1024 3217 1193 3277 seiner
1231 3217 1466 3277 Rückkehr
1503 3217 1579 3277 von
1617 3217 1786 3277 Londen
1833 3218 1918 3278 (6.
1956 3218 2097 3278 Junil
2135 3218 2219 3278 die
2257 3218 2634 3278 Verhandlungen

2403 3323 2495 3383 ./.
