2925 3605
2131 385 2197 445 21

1696 390 1837 450 Bus

1327 391 1550 451 ischer.

572 398 718 458 Herrn

860 547 1052 607 lleicht
1090 544 1200 604 doch
1246 541 1475 601 einselne
1513 538 1687 598 Herren
1734 538 1872 598 Ihres
1909 536 2203 596 Verstendes
2240 536 2295 596 zu

578 648 836 708 Verhalten
886 647 1019 707 Ihres
1061 644 1327 704 Ferschals
1369 641 1536 701 Anlass
1577 638 1785 698 gegeben
1818 637 1993 697 haben.

1242 742 1317 802 Der
1358 740 1658 800 Verschlag,
1691 738 1766 798 den
1816 736 1890 796 Sie
1933 735 2015 795 uns
2057 733 2098 793 in
2149 733 2231 793 der
2264 731 2431 791 Sitzun

582 849 658 909 vom
706 848 783 908 15.
821 847 935 907 Juni
974 844 1185 904 gemacht
1213 841 1395 901 haben,
1433 840 1509 900 sah
1548 839 1634 899 für
1672 838 1759 898 uns
1797 837 1901 897 eine
1940 835 2151 895 Bindung
2189 833 2274 893 auf
2312 833 2390 893 die
2428 832 2475 892 zu

612 947 725 1007 chen
762 946 838 1006 von
885 943 1026 1003 Ihnen
1064 940 1440 1000 festgesotzten
1487 937 1666 997 Tarife
1705 936 1817 996 vor,
1855 935 2024 995 ferner
2062 934 2175 994 eine
2213 931 2410 991 Bindung

583 1042 667 1102 auf
705 1040 846 1100 einen
884 1039 1147 1099 Fahrplan.
1184 1037 1476 1097 Irgendeine
1513 1033 1899 1093 Gegenleistung
1936 1028 2228 1088 Ihrerseits
2275 1025 2416 1085 haben
2453 1024 2500 1084 31

1907 1126 1958 1186 es
2001 1126 2077 1186 Sie
2120 1124 2292 1184 diesen
2334 1121 2556 1181 Verschla

1635 1129 1779 1189 ehmen

832 1138 1184 1198 rgeschlagen.
1218 1133 1301 1193 Wir
1343 1132 1386 1192 ud

2024 1220 2081 1280 ht
2114 1219 2296 1279 haben,
2338 1216 2479 1276 datit

579 1231 691 1291 nach
733 1235 819 1295 dem
853 1235 1024 1295 ganzen
1068 1230 1179 1290 Gang
1222 1226 1308 1286 der
1342 1219 1727 1279 Verhändlungen
1762 1223 1847 1283 nur

2058 1312 2152 1372 aus
2186 1309 2229 1369 im
2271 1307 2417 1367 Ernst
2451 1309 2537 1369 der

822 1327 879 1387 me
911 1325 1181 1385 abgelehnt
1214 1321 1361 1381 wird,
1402 1319 1508 1379 denn
1549 1318 1631 1378 Sie
1672 1318 1844 1378 können
1885 1318 1933 1378 we

1398 1405 1471 1465 den
1519 1403 1940 1463 Verhindlungen,
1972 1402 2053 1462 die
2093 1400 2328 1460 zwiechen
2368 1396 2449 1456 uns

654 1414 791 1474 sicht
828 1409 1026 1469 gewesen
1072 1411 1217 1471 sein,
1247 1414 1269 1474 1

585 1499 734 1559 Ihrem
770 1498 1122 1558 Delegierten,
1157 1495 1299 1555 Herrn
1342 1494 1519 1554 Christ
1554 1491 1942 1551 stattgefanden
1977 1489 2153 1549 haben,
2188 1487 2303 1547 dass
2347 1487 2452 1547 eine
2497 1489 2602 1549 der-

635 1598 763 1658 rtige
797 1597 1002 1657 Bindung
1044 1592 1343 1652 unserseits
1386 1589 1582 1649 möglich
1625 1589 1744 1649 izt.

1244 1679 1334 1739 Wir
1367 1679 1507 1739 haben
1556 1677 1696 1737 Ihnen
1737 1675 1786 1735 in
1826 1675 1909 1735 der
1950 1672 2270 1732 Besprechung
2312 1672 2394 1732 vom
2435 1672 2517 1732 13.
2558 1672 2673 1732 Juni

939 1783 1097 1843 teilt,
1134 1780 1245 1840 dass
1282 1778 1367 1838 wir
1403 1777 1552 1837 unser
1589 1776 1701 1836 Beet
1738 1775 1785 1835 so
1822 1774 2092 1834 betreiben
2129 1772 2268 1832 werde

1267 1874 1518 1934 estellung
1562 1873 1631 1933 und
1675 1872 1727 1932 in
1770 1870 2030 1930 Interesse
2066 1867 2152 1927 des
2187 1865 2421 1925 Fublikum

601 1879 642 1939 es
682 1880 730 1940 im
778 1879 1044 1939 Interesse

1243 1972 1513 2032 rständlich
1556 1970 1725 2030 werden
1775 1970 1851 2030 wir
1893 1970 1970 2030 die
2011 1970 2189 2030 Tarife
2223 1967 2274 2027 so
2316 1966 2392 2026 an-

587 1982 762 2042 liegen
802 1981 955 2041 wird.

603 2083 796 2143 setzen,
835 2078 950 2138 dass
979 2077 1066 2137 wir
1114 2075 1191 2135 auf
1231 2074 1394 2134 unsere
1434 2072 1675 2132 Rechnung
1713 2071 1916 2131 kommen.
1954 2069 2004 2129 Zu
2042 2069 2119 2129 den
2167 2067 2245 2127 von
2283 2066 2428 2126 Ihnen
2467 2064 2572 2124 vor-

1431 2172 1574 2232 rifen
1614 2171 1789 2231 können
1829 2170 1908 2230 wir
1949 2169 2028 2229 uns
2076 2168 2187 2228 aber
2219 2167 2370 2227 nicht
2402 2165 2609 2225 binden.

1154 2174 1187 2234 se

683 2180 949 2240 chlegenen

1262 2274 1346 2334 Wir
1377 2276 1524 2336 legen
1555 2275 1680 2335 Wert
1712 2273 1921 2333 darauf,
1952 2269 2099 2329 durch
2130 2267 2277 2327 diess
2319 2266 2434 2326 aus-

1110 2378 1157 2438 ug
1195 2378 1309 2438 klar
1346 2377 1402 2437 zu
1440 2374 1677 2434 stellen,
1714 2372 1828 2432 dass
1866 2371 1913 2431 en
1950 2369 2036 2429 dem
2083 2368 2338 2428 Schwitern
2376 2366 2460 2426 der

618 2482 980 2542 Verhandlungen
1017 2481 1102 2541 wir
1139 2478 1436 2538 jedenfalls
1473 2473 1733 2533 keinerlei
1780 2470 1948 2530 Schuld
1985 2471 2189 2531 tragen.

1719 2563 2050 2623 Hochrehtend
