2925 3605
470 336 703 396 felend

2057 660 2148 720 26.
2192 662 2316 722 Juni
2360 662 2509 722 1926.

1130 863 1611 923 Geschäftsleitung
1653 862 1737 922 der

1243 959 1687 1019 Internationalen
1732 959 2058 1019 Ausstellung
2104 957 2182 1017 für

1256 1060 1738 1120 Binnenschiffahrt
1776 1058 1852 1118 und
1896 1058 2436 1118 Wasserkraftnutzung

1726 1160 2013 1220 Basel

1285 1357 1363 1417 Die
1410 1357 1581 1417 Basler
1620 1355 2080 1415 Rheinschiffahrt
2111 1351 2663 1411 Aktiengesellschaft

724 1460 791 1520 hat
835 1459 969 1519 Ihnen
1015 1459 1156 1519 Kopie
1201 1457 1342 1517 eines
1379 1456 1432 1516 an
1477 1456 1551 1516 den
1596 1454 2192 1514 Linksunterzeichneten
2237 1449 2557 1509 gerichteten

720 1559 1008 1619 Schreibens
1047 1558 1159 1618 d.d.
1198 1558 1283 1618 21.
1322 1558 1401 1618 ct.
1440 1556 1767 1616 zugestellt,
1806 1555 1852 1615 in
1899 1555 1970 1615 dem
2016 1552 2252 1612 versucht
2291 1552 2436 1612 wird,
2475 1552 2579 1612 eine

710 1657 1158 1717 Zusammenfassung
1202 1655 1283 1715 der
1320 1655 1409 1715 mit
1445 1654 1526 1714 uns
1570 1654 1828 1714 geführten
1871 1652 2254 1712 Verhandlungen
2298 1651 2437 1711 betr.
2482 1648 2592 1708 Ver-

723 1759 1021 1819 ständigung
1054 1757 1174 1817 über
1216 1756 1352 1816 einen
1395 1754 1718 1814 gemeinsamen
1761 1750 2544 1810 Personenschiffahrtsbetrieb

718 1860 769 1920 zu
813 1858 991 1918 geben.
1028 1855 1205 1915 Dieses
1242 1853 1501 1913 Schreiben
1552 1853 1664 1913 gibt
1701 1853 1782 1913 uns
1826 1852 2218 1912 Veranlassung,
2255 1849 2336 1909 zur
2381 1846 2550 1906 Steuer

710 1957 788 2017 der
828 1957 1095 2017 Wahrheit,
1142 1955 1403 2015 folgendes
1448 1951 1879 2011 festzustellen:

1054 2056 1248 2116 Richtig
1292 2054 1400 2114 ist,
1443 2053 1551 2113 dass
1594 2052 1673 2112 die
1716 2050 1890 2110 Basler
1926 2048 2380 2108 Rheinschiffahrt
2409 2044 2618 2104 Aktien-

720 2158 1077 2218 gesellschaft
1150 2155 1194 2215 im
1238 2153 1435 2213 Februar
1479 2152 1523 2212 in
1566 2151 1894 2211 Abwesenheit
1932 2149 2136 2209 unseres
2179 2147 2493 2207 Präsidenten

722 2259 797 2319 mit
837 2257 974 2317 Herrn
1021 2254 1458 2314 Vizepräsidenten
1505 2252 1682 2312 Christ
1716 2251 2097 2311 Verhandlungen
2145 2249 2377 2309 eröffnet
2418 2248 2526 2308 hat.

721 2357 860 2417 Diese
900 2354 1288 2414 Verhandlungen
1334 2353 1528 2413 führten
1575 2351 1629 2411 zu
1668 2351 1807 2411 einem
1855 2350 1932 2410 von
1978 2350 2056 2410 der
2095 2348 2274 2408 Basler
2312 2345 2762 2405 Rheinschiffahrt

717 2455 1253 2515 Aktiengesellschaft
1294 2453 1376 2513 mit
1416 2452 1675 2512 Schreiben
1715 2450 1797 2510 vom
1838 2450 1892 2510 4.
1926 2449 2041 2509 März
2082 2447 2463 2507 eingereichten
2510 2445 2612 2505 Vor-

727 2558 930 2618 schlag,
966 2556 1053 2616 der
1096 2555 1263 2615 jedoch
1307 2552 1379 2612 von
1422 2551 1625 2611 unserem
1668 2549 1908 2609 Vorstand
1944 2548 1994 2608 in
2038 2547 2212 2607 seiner
2255 2546 2459 2606 Sitzung
2495 2546 2574 2606 vom

726 2657 807 2717 11.
841 2656 957 2716 März
998 2655 1080 2715 als
1121 2653 1441 2713 unannehmbar
1489 2651 1782 2711 bezeichnet
1816 2649 1986 2709 wurde.
2027 2647 2108 2707 Die
2149 2646 2415 2706 Ablehnung
2455 2644 2626 2704 dieses

723 2755 1011 2815 Vorschlags
1055 2753 1194 2813 wurde
1231 2753 1372 2813 Herrn
1416 2752 1689 2812 Groschupf
1725 2750 1903 2810 sofort
1940 2749 2079 2809 durch
2124 2746 2264 2806 Herrn
2308 2743 2485 2803 Christ
2522 2740 2632 2800 mit-

713 2857 950 2917 geteilt;
988 2855 1102 2915 Herr
1141 2854 1316 2914 Christ
1355 2852 1493 2912 fügte
1538 2851 1653 2911 bei,
1691 2849 1745 2909 er
1784 2849 1868 2909 sei
1906 2848 1983 2908 von
2029 2846 2197 2906 unserm
2243 2844 2480 2904 Vorstand
2518 2840 2602 2900 er-

726 2956 991 3016 mächtigt,
1031 2954 1113 3014 die
1153 2953 1532 3013 Besprechungen
1580 2950 1669 3010 mit
1701 2950 1781 3010 der
1823 2948 1992 3008 Basler
2032 2944 2483 3004 Rheinschiffahrt

714 3055 1261 3115 Aktiengesellschaft
1300 3052 1354 3112 in
1394 3050 1846 3110 unverbindlicher
1885 3048 2034 3108 Weise
2072 3046 2464 3106 fortzuführen,
2510 3043 2580 3103 und

726 3159 772 3219 es
818 3158 1040 3218 fanddann
1087 3157 1133 3217 um
1179 3156 1257 3216 den
1295 3155 1379 3215 20.
1417 3154 1533 3214 März
1571 3153 1710 3213 herum
1780 3151 1895 3211 eine
1933 3149 2203 3209 Konferenz
2241 3146 2410 3206 statt,
2448 3146 2503 3206 an
2541 3145 2625 3205 der
