2925 3605
678 458 828 518 Blatt
862 458 977 518 III.

669 608 824 668 sucht
859 607 942 667 nun
978 604 1239 664 darzutun,
1274 602 1358 662 sie
1406 600 1489 660 sei
1525 597 1644 657 über
1679 594 1763 654 die
1799 590 2059 650 Situation
2096 585 2251 645 nicht
2286 581 2512 641 genügend

684 710 979 770 aufgeklart
1004 705 1211 765 gewesen
1250 702 1339 762 und
1366 700 1493 760 habe
1519 697 1571 757 in
1610 695 1751 755 guten
1790 693 1970 753 Treuen
2008 688 2253 748 geglaubt
2279 685 2368 745 mit
2406 679 2573 739 unserm

668 809 802 869 Herrn
838 804 1291 864 Vizepräsidenten
1328 800 1512 860 Christ
1536 796 1829 856 verhandeln
1880 792 1928 852 zu
1965 788 2173 848 müssen.
2210 783 2394 843 Selbst
2418 779 2527 839 wenn

675 912 757 972 die
804 909 969 969 Basler
1016 901 1463 961 Rheinschiffahrt
1500 893 2041 953 Aktiengesellschaft
2076 887 2159 947 auf
2195 885 2348 945 Grund
2383 880 2524 940 eines

687 1009 1220 1069 Missverstandnisses
1255 1002 1430 1062 dieses
1464 996 1824 1056 irrtümlichen
1860 990 2104 1050 Glaubens
2138 986 2336 1046 gewesen
2382 982 2486 1042 sein

683 1113 890 1173 sollte,
925 1110 1040 1170 darf
1074 1107 1189 1167 doch
1236 1104 1316 1164 auf
1350 1102 1431 1162 die
1466 1099 1707 1159 Tatsache
1743 1093 2064 1153 hingewiesen
2111 1088 2318 1148 werden,
2352 1085 2468 1145 dass
2502 1083 2616 1143 Herr

678 1213 892 1273 Christ,
929 1209 1005 1269 wie
1043 1205 1194 1265 Herrn
1231 1201 1494 1261 Groschupf
1533 1197 1734 1257 bekannt
1771 1194 1885 1254 war,
1922 1192 2034 1252 sich
2073 1188 2123 1248 im
2160 1185 2311 1245 April
2349 1182 2425 1242 und
2462 1178 2550 1238 Mai

691 1312 761 1372 bis
795 1309 1006 1369 enfangs
1041 1306 1159 1366 Juni
1194 1304 1310 1364 fast
1345 1298 1755 1358 ununterbrochen
1801 1294 1848 1354 im
1884 1291 2093 1351 Ausland
2130 1285 2304 1345 befand
2351 1283 2422 1343 und
2469 1280 2573 1340 dass

695 1416 742 1476 es
788 1412 860 1472 bei
907 1409 989 1469 der
1025 1404 1379 1464 persönlichen
1414 1397 1803 1457 Bekanntschaft
1838 1392 2062 1452 zwischen
2110 1388 2252 1448 Herrn
2287 1382 2558 1442 Groschupf

698 1512 772 1572 und
808 1510 894 1570 dem
932 1504 1523 1564 Linksunterzeichneten
1572 1498 1645 1558 für
1682 1496 1781 1556 die
1806 1493 1991 1553 Basler
2015 1487 2471 1547 Rheinschiffahrt
2495 1480 2703 1540 Aktien-

698 1612 1050 1672 gesellschaft
1087 1606 1174 1666 ein
1211 1603 1451 1663 leichtes
1476 1599 1689 1659 gewesen
1726 1596 1877 1656 ware,
1914 1593 2052 1653 durch
2090 1591 2203 1651 eine
2241 1586 2391 1646 blose
2429 1581 2667 1641 telepho-

693 1714 864 1774 nische
900 1709 1108 1769 Anfrage
1144 1705 1255 1765 sich
1303 1702 1474 1762 genaue
1512 1699 1817 1759 Aufklärung
1855 1694 1964 1754 über
2000 1691 2087 1751 die
2123 1688 2393 1748 wirkliche
2429 1682 2673 1742 Sachlage

693 1814 747 1874 zu
780 1811 1153 1871 verschaffen,
1185 1807 1294 1867 wenn
1339 1804 1393 1864 es
1425 1803 1546 1863 ihr,
1579 1801 1667 1861 wie
1710 1798 1786 1858 sie
1831 1797 1874 1857 in
1918 1795 2060 1855 ihrem
2103 1792 2246 1852 Brief
2289 1789 2366 1849 vom
2410 1788 2487 1848 21.
2531 1786 2617 1846 ot.

694 1915 929 1975 erklärt,
962 1912 1015 1972 so
1058 1910 1176 1970 sehr
1208 1907 1347 1967 daran
1391 1904 1510 1964 lag,
1541 1903 1595 1963 zu
1637 1900 1766 1960 einem
1810 1896 2045 1956 Abkommen
2089 1892 2142 1952 zu
2174 1888 2442 1948 gelangen.

1158 2005 1244 2065 Die
1283 2002 1616 2062 Besprechung
1655 1999 1731 2059 vom
1780 1998 1837 2058 2.
1876 1996 1951 2056 ct.
1989 1994 2085 2054 war
2124 1992 2200 2052 von
2248 1990 2334 2050 uns
2373 1985 2706 2045 nachgesucht

695 2114 907 2174 worden,
942 2112 1060 2172 weil
1095 2110 1179 2170 wir
1214 2107 1356 2167 Ihnen
1391 2105 1474 2165 von
1521 2102 1721 2162 unseren
1758 2098 1935 2158 Planen
1970 2093 2088 2153 über
2123 2091 2206 2151 die
2241 2086 2630 2146 Betriebsorga-

698 2214 940 2274 nisation
975 2210 1182 2270 während
1217 2206 1310 2266 der
1344 2202 1668 2262 Ausstellung
1702 2197 1944 2257 Kenntnis
1980 2194 2117 2254 geben
2176 2191 2244 2251 und
2279 2189 2372 2249 Sie
2406 2186 2648 2246 zugleich

696 2315 872 2375 bitten
904 2311 1147 2371 wollten,
1179 2309 1268 2369 der
1300 2307 1476 2367 Basler
1510 2301 1971 2361 Rheinschiffahrt
2004 2291 2543 2351 Aktiengesellschaft

704 2418 773 2478 für
820 2416 890 2476 den
936 2413 1077 2473 Fall,
1124 2410 1228 2470 dass
1276 2407 1392 2467 eine
1427 2400 2034 2460 Betriebsgemeinschaft
2069 2394 2210 2454 nicht
2245 2389 2479 2449 zustande
2525 2385 2700 2445 kommen

698 2518 907 2578 sollte,
944 2511 1302 2571 nahezulegen,
1339 2507 1412 2567 den
1461 2504 1634 2564 "Vogel
1671 2501 1819 2561 Cryf"
1856 2496 2116 2556 gemeinsam
2165 2493 2250 2553 mit
2287 2489 2460 2549 unsern
2498 2484 2669 2544 Schif-

702 2616 791 2676 fen
835 2615 913 2675 für
947 2611 1306 2671 Hafenfahrten
1351 2607 1407 2667 zu
1440 2604 1709 2664 verwenden
1753 2600 1833 2660 und
1877 2598 1978 2658 sich
2022 2596 2135 2656 über
2179 2593 2257 2653 die
2302 2590 2471 2650 hiebei
2515 2588 2571 2648 zu

717 2716 1005 2776 erhebenden
1037 2712 1187 2772 Taxen
1219 2710 1304 2770 mit
1347 2707 1433 2767 uns
1465 2706 1518 2766 zu
1550 2701 1946 2761 verständigen.
1978 2696 2063 2756 Wie
2095 2694 2181 2754 Sie
2224 2692 2427 2752 wissen,
2470 2690 2597 2750 haben

709 2818 787 2878 die
832 2815 1124 2875 Direktoren
1169 2811 1246 2871 der
1281 2808 1460 2868 Basler
1494 2802 1942 2862 Rheinschiffahrt
1976 2792 2526 2852 Aktiengesellschaft

700 2918 836 2978 diese
872 2917 1055 2977 unsere
1089 2913 1330 2973 Anregung
1364 2908 1662 2968 anlässlich
1708 2904 1787 2964 der
1823 2902 1970 2962 durch
2006 2898 2119 2958 Ihre
2166 2892 2487 2952 Vermittlung
2532 2888 2578 2948 am

715 3021 796 3081 15.
832 3017 947 3077 Juni
982 3010 1435 3070 stattgefundenen
1469 3004 1736 3064 Konferenz
1771 3000 1980 3060 rundweg
2015 2994 2432 3054 abgelehnt.Ganz
2467 2986 2618 3046 merk-

709 3119 887 3179 würdig
931 3115 1133 3175 berührt
1166 3112 1223 3172 es
1256 3111 1368 3171 uns,
1390 3110 1491 3170 dass
1525 3107 1614 3167 die
1647 3104 1826 3164 Basler
1860 3097 2307 3157 Rheinschiffahrt
2341 3089 2609 3149 Aktienge-

715 3219 1004 3279 sellschaft
1046 3214 1218 3274 unsere
1250 3210 1551 3270 Massnahmen
1604 3204 1895 3264 betreffend
1937 3198 2323 3258 Vergrösserung
2366 3191 2570 3251 unseres

710 3322 1062 3382 Schiffparkes
1096 3317 1249 3377 einer
1284 3315 1460 3375 Kritik
1506 3310 1823 3370 unterziehen
1858 3306 2011 3366 will.
2046 3303 2140 3363 Die
2175 3299 2351 3359 Basler
2386 3294 2562 3354 Rhein-
