2925 3608
616 431 770 491 Blatt
799 431 895 491 IV.

620 580 915 640 schiffahrt
952 575 1496 635 Aktiengesellschaft
1533 569 1619 629 hat
1658 568 1790 628 hiezu
1839 563 1952 623 umso
1990 562 2200 622 weniger
2239 559 2628 619 Veranlassung,

626 682 702 742 als
740 680 818 740 sie
856 679 943 739 nie
981 676 1067 736 mit
1107 676 1193 736 uns
1231 674 1270 734 in
1318 671 1616 731 Verbindung
1655 667 1885 727 getreten
1924 664 2039 724 ist,
2078 662 2223 722 bevor
2261 660 2347 720 sie
2386 657 2492 717 sich

631 783 702 843 zum
742 781 830 841 Bau
869 780 949 840 des
997 777 1164 837 "Vogel
1203 775 1339 835 Gryf"
1378 770 1736 830 entschlossen
1776 767 1887 827 hat.

1048 877 1129 937 Wir
1164 875 1336 935 nehmen
1381 872 1525 932 davon
1561 869 1768 929 Umgang,
1813 866 1893 926 auf
1930 865 2011 925 die
2056 858 2587 918 ungerechtfertigten

639 982 983 1042 persönlichen
1028 976 1265 1036 Angriffe
1308 972 1395 1032 der
1427 970 1600 1030 Basler
1643 964 2096 1024 Rheinschiffahrt
2129 957 2668 1017 Aktiengesellschaft

633 1081 988 1141 einzutreten,
1027 1077 1195 1137 können
1234 1074 1343 1134 aber
1383 1072 1531 1132 nicht
1571 1068 1749 1128 tmhin,
1778 1065 1956 1125 unserm
1995 1062 2233 1122 Bedauern
2272 1058 2479 1118 darüber

632 1182 865 1242 Ausdruck
916 1180 956 1240 zu
996 1177 1291 1237 verleihen,
1332 1174 1443 1234 dass
1484 1171 1626 1231 nicht
1666 1167 1778 1227 eine
1809 1161 2408 1221 Betriebsgemeinschaft
2448 1156 2529 1216 auf

628 1282 703 1342 der
740 1282 816 1342 von
863 1279 947 1339 uns
986 1278 1033 1338 am
1080 1277 1165 1337 29.
1193 1276 1315 1336 Marz
1353 1270 1795 1330 vorgeschlagenen
1842 1264 2106 1324 Grundlage
2153 1259 2265 1319 oder
2304 1257 2416 1317 doch

642 1383 925 1443 Wenigstens
969 1379 1077 1439 eine
1111 1375 1361 1435 Einigung
1394 1372 1449 1432 in
1482 1370 1634 1430 Bezug
1667 1368 1755 1428 auf
1787 1366 1873 1426 die
1918 1362 2245 1422 Festsetzung
2278 1358 2364 1418 der
2397 1354 2539 1414 Fahr-

636 1484 812 1544 zeiten
853 1481 925 1541 und
966 1480 1049 1540 der
1090 1477 1235 1537 Taxen
1276 1471 1742 1531 zustandegekommen
1783 1467 1897 1527 ist.
1938 1465 2114 1525 Sollte
2155 1462 2206 1522 es
2238 1459 2382 1519 Ihnen
2425 1456 2537 1516 mög-

636 1585 741 1645 lich
782 1582 930 1642 sein,
972 1580 1076 1640 noch
1118 1578 1170 1638 in
1213 1576 1380 1636 elfter
1422 1572 1590 1632 Stunde
1631 1569 1684 1629 zu
1725 1567 1873 1627 einer
1904 1562 2229 1622 annehmbaren
2271 1558 2595 1618 Verständig-

635 1685 715 1745 ung
756 1684 867 1744 Hand
908 1681 959 1741 zu
999 1679 1202 1739 bieten,
1242 1676 1292 1736 so
1334 1675 1506 1735 stehen
1546 1672 1628 1732 wir
1668 1670 1840 1730 hiefür
1881 1667 1962 1727 wie
2003 1665 2185 1725 gesagt
2225 1662 2327 1722 auch
2367 1659 2509 1719 heute

643 1783 755 1843 noch
797 1782 879 1842 zur
920 1779 1218 1839 Verfügung,
1248 1775 1362 1835 wenn
1402 1773 1494 1833 wir
1536 1771 1638 1831 auch
1679 1769 1916 1829 gestehen
1957 1765 2162 1825 müssen,
2192 1762 2316 1822 dass
2357 1759 2491 1819 durch
2531 1757 2613 1817 den

640 1884 902 1944 schroffen
940 1881 1018 1941 Ton
1066 1880 1143 1940 der
1183 1877 1357 1937 Basler
1396 1872 1852 1932 Rheinschiffahrt
1891 1865 2434 1925 Aktiengesellschaft
2472 1861 2559 1921 der

647 1984 849 2044 Verkehr
882 1982 972 2042 mit
1012 1979 1182 2039 dieser
1224 1976 1484 2036 letzteren
1533 1972 1793 2032 erschwert
1833 1969 2004 2029 worden
2045 1967 2158 2027 ist.

1089 2082 1165 2142 Zum
1243 2077 1476 2137 Schlusse
1519 2074 1725 2134 möchten
1769 2071 1854 2131 wir
1890 2068 2036 2128 nicht
2079 2065 2441 2125 unterlassen,
2483 2061 2526 2121 zu
2570 2060 2655 2120 er-

646 2188 854 2248 klären,
887 2185 1001 2245 dass
1043 2182 1126 2242 der
1169 2180 1241 2240 von
1283 2179 1366 2239 der
1409 2176 1586 2236 Basler
1617 2171 2077 2231 Rheinschiffahrt
2108 2163 2661 2223 Aktiengesellschaft

644 2285 1008 2345 konstruierte
1038 2280 1403 2340 Antagonismus
1443 2275 1675 2335 zwischen
1717 2273 1858 2333 Herrn
1909 2268 2354 2328 Vizepräsidenten
2394 2262 2576 2322 Christ

649 2387 731 2447 und
767 2385 942 2445 unserm
988 2380 1216 2440 Vorstand
1263 2378 1410 2438 nicht
1446 2374 1684 2434 besteht,
1722 2371 1923 2431 sondern
1968 2369 2079 2429 dass
2124 2366 2354 2426 vielmehr
2400 2365 2436 2425 im

637 2487 842 2547 Schosse
886 2484 1090 2544 unseres
1133 2479 1398 2539 Vorstands
1433 2476 1578 2536 volle
1621 2473 1886 2533 Einigkeit
1928 2470 2193 2530 herrscht.

1099 2582 1188 2642 Mit
1228 2579 1300 2639 dem
1340 2578 1572 2638 Ausdruck
1621 2574 1975 2634 vorzüglicher
2015 2568 2344 2628 Hochachtung

1155 2680 1326 2740 BASLER
1398 2670 2336 2730 PERSONENSCHIFFAHRTSGESELLSCHAFT
2409 2665 2547 2725 BASEL

646 2806 930 2866 Abschrift
972 2804 1014 2864 an

908 2854 1159 2914 Direktion
1207 2852 1281 2912 der
1322 2851 1500 2911 Basler
1541 2846 1988 2906 Rheinschiffahrt
2020 2839 2573 2899 Aktiengesellschaft
2614 2837 2686 2897 und

2517 2936 2729 2996 Aktien-

890 2956 1032 3016 Herrn
1074 2954 1125 3014 0.
1158 2951 1368 3011 Ritter,
1409 2948 1677 3008 Präsident
1719 2947 1794 3007 der
1837 2945 2012 3005 Basler
2046 2940 2498 3000 Rheinschiffahrt

2128 2990 2498 3050 gesellschaft

894 3054 1318 3114 Schiffahrtsamt
1363 3052 1446 3112 des
1483 3050 1696 3110 Kantons
1733 3043 2073 3103 Basel-Stadt
