2926 3604
2072 727 2158 787 14.
2197 728 2321 788 Juli
2359 728 2485 788 1928

682 940 791 1000 0/2.

1120 1183 1170 1243 An
1211 1183 1294 1243 die
1336 1180 1602 1240 Redaktion
1644 1181 1727 1241 der

1139 1282 1327 1342 Basler
1364 1282 1762 1342 Nachrichten".

1693 1624 1958 1684 2ublikums
2006 1625 2087 1685 von
2127 1625 2207 1685 13.
2247 1625 2360 1685 Juli
2400 1624 2448 1684 in

1126 1630 1165 1690 Im
1217 1630 1459 1690 Briefkat

675 1735 759 1795 No.
790 1735 875 1795 182
914 1733 1030 1793 wiri
1068 1731 1277 1791 gerigt,
1315 1729 1423 1789 dass
1470 1726 1546 1786 die
1593 1724 1971 1784 "Rheinfalden"
2009 1723 2056 1783 am
2102 1723 2187 1783 10.
2226 1723 2341 1783 Juli
2380 1724 2457 1784 bei

675 1835 761 1895 der
799 1832 1127 1892 Abandfches
1165 1829 1243 1889 die
1301 1829 1454 1889 Fahne
1494 1828 1647 1888 nicht
1686 1824 1947 1884 gehisst!

1135 1933 1214 1993 Wir
1254 1930 1421 1990 teilen
1469 1927 1603 1987 Ihnen
1651 1925 1849 1985 höflich
1890 1925 2001 1985 mit,
2040 1924 2151 1984 dass
2192 1924 2278 1984 der
2319 1921 2453 1981 Grund

680 2035 879 2095 hlerfür
925 2036 1063 2096 darin
1101 2035 1216 2095 lag,
1254 2035 1361 2095 dass
1407 2032 1453 2092 an
1491 2030 1659 2090 diesem
1705 2028 1904 2088 Sæustag
1950 2023 2333 2083 ausnahmsweise
2371 2023 2455 2083 die

686 2139 1125 2199 vorgesshriebene
1162 2136 1490 2196 Kesklaterne
1535 2134 1609 2194 das
1654 2131 1885 2191 Schiffes
1952 2129 2160 2189 mittels
2205 2128 2340 2188 eines
2384 2126 2458 2186 Pe-

669 2237 1117 2297 troloumlichtes,
1157 2236 1300 2296 statt
1340 2235 1476 2295 durch
1524 2234 1636 2294 eins
1676 2231 1995 2291 elektrische
2035 2228 2179 2288 Lampe
2227 2225 2459 2285 beleuch-

670 2341 753 2401 tet
790 2341 963 2401 worden
1009 2339 1091 2399 ist
1128 2339 1204 2399 und
1249 2338 1362 2398 dass
1407 2338 1481 2398 aus
1527 2336 1730 2396 Gründen
1775 2334 1850 2394 der
1895 2332 2196 2392 Sicherheit
2234 2329 2316 2389 die
2353 2326 2496 2386 Fhhne

691 2443 765 2503 für
809 2444 884 2504 die
928 2444 1226 2504 Abenäfahrt
1263 2441 1553 2501 eingezogen
1590 2439 1761 2499 worden
1806 2436 1917 2496 ist.
1984 2432 2371 2492 Normalerweise
2415 2432 2557 2492 trigt

679 2545 756 2605 die
799 2543 1184 2603 "Rheinfelden"
1226 2542 1369 2602 imrer
1404 2540 1831 2600 Fahnenschmuck.

1164 2643 1210 2703 1a
1279 2642 1480 2702 übrigen
1526 2640 1665 2700 wären
1711 2639 1789 2699 wir
1835 2638 1966 2698 Ihnen
2013 2636 2059 2696 zu
2105 2635 2222 2695 Dank
2260 2632 2553 2692 verpflich-

688 2744 797 2804 tet,
839 2743 941 2803 wann
991 2741 1067 2801 Sie
1110 2741 1371 2801 derartige
1413 2738 1793 2798 Kleinigkeiten
1860 2737 1944 2797 uns
1987 2734 2071 2794 zur
2104 2733 2340 2793 direkten
2383 2728 2517 2788 Erle-

690 2848 861 2908 digung
907 2846 1196 2906 überweisen
1235 2842 1469 2902 wollten,
1508 2840 1648 2900 statt
1687 2839 1835 2899 damit
1866 2838 1913 2898 in
1959 2837 2100 2897 Ihrem
2139 2837 2458 2897 geschätzten

690 2948 859 3008 Blatte
901 2950 985 3010 für
1021 2948 1098 3008 uns
1140 2945 1373 3005 negative
1415 2941 1619 3001 Reklame
1661 2938 1704 2998 zu
1746 2936 1951 2996 machen.

1891 3034 2191 3094 Hochaahtun

1717 3149 1847 3209 Basler
1890 3120 2570 3180 Personenschiffahrtsgeselsch-)

1963 3190 2024 3250 Der
2045 3178 2340 3238 Geschäftsföhrer:

2511 259 2623 319 4
