2924 3605
2204 226 2623 286 ABSCHRIFT

2446 352 2583 412 A2

624 424 818 484 Basler

287 472 1343 532 Rheinschiffahrt-Aktiengesellschaft

1567 516 1750 576 Basel,
1788 518 1867 578 den
1919 516 2004 576 13.
2050 513 2232 573 August
2271 511 2414 571 1926.

538 521 838 581 Marktgasse

861 523 889 583 5

1355 763 1490 823 Herrn
1531 763 1613 823 Dr.
1655 761 1731 821 Max
1778 761 2018 821 Vischer,

596 779 702 839 R/M

1478 815 1746 875 Präsident
1784 809 1863 869 der

1214 866 1394 926 Basler
1437 859 2390 919 Personenschiffahrtsgesellschaft

1896 959 2196 1019 Basel

1316 1160 1394 1220 Wir
1440 1159 1727 1219 bestätigen
1773 1157 1858 1217 Ihr
1897 1156 2159 1216 Schreiben
2205 1155 2283 1215 vom
2329 1153 2381 1213 9.
2420 1151 2597 1211 August

639 1267 926 1327 betreffend
962 1264 1227 1324 Benützung
1271 1262 1351 1322 der
1396 1259 1778 1319 Landungsstege
1821 1256 1903 1316 und
1947 1255 2108 1315 teilen
2153 1254 2292 1314 Ihnen
2336 1253 2454 1313 mit,
2490 1252 2600 1312 dass

636 1367 710 1427 wir
755 1366 807 1426 es
852 1364 1142 1424 eigentlich
1179 1363 1320 1423 nicht
1364 1360 1447 1420 für
1484 1360 1625 1420 nötig
1662 1357 1892 1417 gehalten
1937 1355 2108 1415 haben,
2153 1354 2257 1414 dass
2301 1352 2383 1412 Sie
2428 1351 2531 1411 sich

628 1468 862 1528 nochmals
902 1467 981 1527 mit
1027 1465 1200 1525 dieser
1239 1463 1380 1523 Sache
1420 1462 1803 1522 beschäftigen,
1850 1459 1897 1519 da
1936 1457 2023 1517 uns
2062 1456 2171 1516 Herr
2210 1453 2477 1513 Oettinger

643 1568 843 1628 bereits
882 1567 1050 1627 unterm
1098 1565 1178 1625 29.
1218 1564 1330 1624 Juli
1369 1561 1664 1621 mitgeteilt
1705 1559 1816 1619 hat,
1856 1557 1967 1617 dass
2007 1556 2087 1616 Sie
2127 1554 2215 1614 uns
2255 1553 2431 1613 sowohl
2470 1552 2542 1612 die

634 1669 900 1729 Benützung
939 1667 1026 1727 der
1065 1664 1535 1724 Einsteigebrücken
1582 1661 1660 1721 auf
1699 1660 1777 1720 der
1825 1657 2177 1717 Schifflände,
2217 1655 2303 1715 als
2342 1654 2452 1714 auch
2491 1652 2569 1712 die

633 1769 894 1829 Benützung
941 1768 1234 1828 sämtlicher
1272 1765 1411 1825 Ihnen
1456 1762 1743 1822 gehörenden
1788 1757 2174 1817 Landungsstege
2220 1753 2420 1813 strikte
2459 1750 2566 1810 ver-

650 1871 846 1931 bieten.
888 1868 961 1928 Sie
1010 1867 1240 1927 sprechen
1280 1865 1355 1925 von
1404 1864 1534 1924 einem
1584 1861 1790 1921 Gesuch,
1822 1859 1912 1919 das
1945 1858 2035 1918 wir
2068 1857 2117 1917 an
2158 1855 2241 1915 Sie
2281 1854 2552 1914 gerichtet
2584 1850 2666 1910 ha-

646 1971 719 2031 ben
768 1969 850 2029 für
891 1969 965 2029 die
1006 1966 1268 2026 Benützung
1309 1964 1391 2024 der
1432 1963 1604 2023 Stege.
1637 1960 1719 2020 Wir
1769 1960 1900 2020 haben
1949 1957 2030 2017 nie
2072 1956 2145 2016 ein
2187 1954 2359 2014 Gesuch
2399 1952 2448 2012 an
2490 1951 2571 2011 Sie

642 2071 935 2131 gerichtet,
976 2068 1171 2128 sondern
1221 2065 1302 2125 wir
1343 2064 1482 2124 haben
1531 2062 1605 2122 Sie
1653 2060 1914 2120 lediglich
1956 2057 2257 2117 angefragt,
2298 2054 2437 2114 unter
2477 2053 2681 2113 welchen

647 2170 961 2230 Bedingungen
1011 2167 1085 2227 Sie
1127 2165 1541 2225 gegebenenfalls
1583 2162 1657 2222 die
1698 2158 1963 2218 Benützung
2005 2157 2088 2217 der
2121 2153 2501 2213 Landungsstege

648 2272 1001 2332 gestatten.Es
1074 2269 1154 2329 hat
1194 2266 1275 2326 uns
1315 2266 1452 2326 dabei
1492 2263 1540 2323 in
1580 2262 1757 2322 erster
1798 2260 1934 2320 Linie
1974 2257 2328 2317 interessiert
2369 2254 2417 2314 zu
2465 2254 2537 2314 er-

648 2371 854 2431 fahren,
888 2367 1086 2427 welchen
1130 2364 1430 2424 Standpunkt
1465 2361 1576 2421 Ihre
1620 2358 1982 2418 Gesellschaft
2016 2355 2283 2415 einnimmt,
2317 2353 2394 2413 die
2438 2353 2549 2413 nach
2593 2350 2730 2410 ihren

655 2470 875 2530 Statuten
925 2469 1034 2529 u.a.
1076 2467 1153 2527 den
1195 2465 1329 2525 Zweck
1380 2463 1490 2523 hat,
1523 2461 1784 2521 Förderung
1828 2457 1911 2517 der
1945 2453 2484 2513 Personenschiffahrt

648 2573 727 2633 auf
771 2570 843 2630 dem
887 2568 1187 2628 Oberrhein,
1222 2564 1364 2624 sowie
1399 2560 1700 2620 Ergreifung
1736 2558 1815 2618 der
1860 2556 2027 2616 hierzu
2072 2554 2488 2614 erforderlichen
2532 2552 2611 2612 und

649 2671 933 2731 nützlichen
976 2665 1312 2725 Massnahmen.
1346 2661 1605 2721 Ausserdem
1657 2659 1798 2719 steht
1833 2657 1950 2717 Ihre
1993 2654 2354 2714 Gesellschaft
2387 2653 2462 2713 dem

647 2770 968 2830 Präsidenten
1009 2767 1091 2827 des
1133 2764 1331 2824 Vereins
1380 2763 1455 2823 für
1496 2761 1570 2821 die
1611 2758 1916 2818 Schiffahrt
1957 2756 2032 2816 auf
2073 2754 2147 2814 dem
2197 2752 2452 2812 Oberrhein

627 2872 771 2932 nahe,
815 2869 925 2929 also
968 2868 1036 2928 dem
1087 2866 1292 2926 Verein,
1335 2863 1445 2923 der,
1480 2861 1556 2921 wie
1598 2860 1684 2920 wir
1726 2857 2000 2917 berichtet
2042 2855 2178 2915 sind,
2221 2854 2297 2914 zur
2340 2854 2604 2914 Förderung

640 2972 713 3032 der
753 2969 1056 3029 Schiffahrt
1096 2966 1177 3026 auf
1223 2964 1298 3024 dem
1351 2962 1613 3022 Oberrhein
1653 2960 1888 3020 besteht.

1116 3064 1194 3124 Sie
1238 3065 1410 3125 machen
1454 3064 1533 3124 die
1576 3062 1842 3122 Benützung
1885 3059 2029 3119 Ihrer
2072 3055 2461 3115 Landungsstege
2504 3052 2583 3112 von

656 3173 794 3233 einer
837 3172 1216 3232 gegenseitigen
1259 3166 1699 3226 Preiskonvention
1750 3161 1984 3221 abhänhig
2027 3158 2105 3218 und
2139 3156 2371 3216 erklären
2415 3154 2527 3214 Ihre
