2925 3608
1549 329 1568 389 2

785 436 829 496 An
874 436 952 496 den
996 437 1224 497 Vorstand
1269 437 1347 497 der
1392 436 1564 496 Basler
1608 431 2604 491 Personenschiffahrts-Gesellschaft,

2357 481 2604 541 18.2.28.

1480 485 1789 545 Basel.

790 585 1389 645 schiffahrtsgeschäft,
1429 584 1534 644 wenn
1580 584 1627 644 es
1667 584 1720 644 in
1760 583 1842 643 der
1882 583 2179 643 bisherigen
2219 581 2301 641 Art
2347 581 2423 641 und
2464 580 2603 640 Weise

787 685 1042 745 betrieben
1085 685 1227 745 wird,
1269 685 1411 745 wenig
1453 683 1566 743 oder
1601 683 1774 743 nichts
1816 682 1959 742 übrig
2006 680 2238 740 bleiben.
2279 680 2422 740 Tritt
2458 679 2600 739 keine

782 784 980 844 längere
1026 781 1561 841 Schönwetterperiode
1608 781 1718 841 ein,
1759 781 1805 841 so
1847 781 1957 841 wird
2004 781 2172 841 sicher
2219 781 2300 841 für
2335 781 2452 841 Boot
2492 779 2690 839 "Rhein-

775 880 975 940 felden"
1019 880 1159 940 sogar
1202 879 1278 939 ein
1327 878 1787 938 Betriebsverlust
1825 877 2247 937 herausschauen.

1397 976 1528 1036 Diese
1577 974 1865 1034 ungünstige
1909 974 2170 1034 Situation
2214 974 2295 1034 ist
2339 974 2540 1034 dadurch
2584 973 2693 1033 ent-

794 1074 1028 1134 standen,
1067 1073 1173 1133 dass
1217 1072 1295 1132 wir
1340 1072 1385 1132 im
1435 1072 1698 1132 Interesse
1736 1071 1820 1131 der
1859 1070 2188 1130 Entwicklung
2233 1069 2311 1129 der
2350 1069 2523 1129 Kanal-

790 1171 1079 1231 schiffahrt
1127 1169 1202 1229 und
1245 1168 1325 1228 der
1368 1168 1539 1228 Basler
1582 1166 1935 1226 Hafenanlagen
1984 1166 2246 1226 gezwungen
2288 1166 2465 1226 waren,
2502 1168 2550 1228 im

786 1265 924 1325 Jahre
968 1265 1074 1325 1926
1119 1265 1196 1325 das
1236 1264 1564 1324 kombinierte
1608 1262 1836 1322 Schlepp-
1886 1262 1959 1322 und
2003 1262 2358 1322 Personenboot
2403 1262 2575 1322 "Vogel

797 1356 961 1416 Gryff"
1004 1357 1053 1417 zu
1097 1358 1266 1418 bauen.
1309 1358 1386 1418 Der
1434 1358 1538 1418 sich
1587 1358 2061 1418 ausserordentlich
2105 1357 2241 1417 rasch
2290 1357 2644 1417 entwickelnde

784 1454 1172 1514 Kanalverkehr,
1215 1454 1291 1514 dem
1339 1454 1512 1514 unsere
1555 1453 1701 1513 Firma
1744 1452 1852 1512 ganz
1895 1451 2159 1511 besondere
2202 1451 2628 1511 Aufmerksamkeit

799 1552 993 1612 schenkt
1037 1552 1140 1612 (wir
1183 1550 1351 1610 werden
1399 1550 1567 1610 dieses
1610 1549 1719 1609 Jahr
1762 1549 1810 1609 22
1854 1549 2357 1609 Motorkanalschiffe
2400 1550 2698 1610 betreiben)

783 1654 956 1714 nötigt
1002 1652 1112 1712 uns,
1152 1651 1296 1711 neben
1343 1651 1509 1711 "Vogel
1555 1651 1729 1711 Gryff"
1775 1651 1850 1711 ein
1896 1651 2133 1711 zweites,
2185 1651 2439 1711 stärkeres
2485 1649 2600 1709 Boot

795 1753 837 1813 in
884 1753 1057 1813 Dienst
1099 1751 1146 1811 zu
1188 1750 1426 1810 stellen.
1461 1750 1544 1810 Nur
1587 1750 1664 1810 das
1705 1750 2158 1810 Schleppgeschäft
2199 1750 2366 1810 allein
2413 1750 2526 1810 gibt

799 1850 865 1910 den
914 1850 1086 1910 beiden
1125 1850 1290 1910 Booten
1334 1850 1478 1910 nicht
1523 1849 1749 1909 genügend
1794 1849 2087 1909 Einnahmen.
2125 1849 2209 1909 Wir
2253 1849 2363 1909 sind
2402 1852 2695 1912 gezwungen,

797 1951 931 2011 einen
984 1952 1298 2012 erheblichen
1342 1951 1517 2011 Betrag
1560 1951 1608 2011 im
1651 1951 2131 2011 Personengeschäft
2174 1952 2531 2012 einzunehmen.

789 2050 1135 2110 Entsprechend
1178 2050 1258 2110 den
1300 2051 1657 2111 Erfahrungen,
1700 2051 1780 2111 die
1822 2051 1908 2111 wir
1945 2051 2025 2111 bis
2067 2051 2211 2111 jetzt
2249 2050 2297 2110 im
2345 2050 2606 2110 Personen-

794 2152 1023 2212 geschäft
1067 2153 1268 2213 gemacht
1306 2153 1486 2213 haben,
1524 2153 1693 2213 müssen
1737 2153 1818 2213 wir
1857 2153 2031 2213 diesen
2074 2153 2243 2213 Betrag
2292 2155 2608 2215 einzunehmen

794 2257 1048 2317 versuchen
1098 2258 1325 2318 dadurch,
1370 2258 1480 2318 dass
1519 2258 1602 2318 wir
1641 2257 1906 2317 möglichst
1945 2257 2083 2317 viele
2127 2258 2266 2318 Leute
2310 2258 2448 2318 durch
2493 2260 2753 2320 niedrige,

794 2356 933 2416 unter
977 2357 1239 2417 Umständen
1284 2357 1423 2417 sogar
1468 2359 1574 2419 sehr
1613 2359 1847 2419 niedrige
1891 2359 2186 2419 Fahrpreise
2231 2360 2587 2420 veranlassen,

799 2455 964 2515 unsere
1009 2453 1212 2513 Schiffe
1256 2455 1305 2515 zu
1355 2455 1619 2515 benützen.

1400 2554 1504 2614 Ihre
1548 2555 1906 2615 Gesellschaft
1945 2554 2126 2614 leidet
2165 2554 2709 2614 bedauerlicherweise

802 2650 933 2710 unter
978 2650 1148 2710 dieser
1188 2650 1330 2710 Lage,
1375 2650 1449 2710 die
1495 2650 1636 2710 durch
1676 2650 1756 2710 die
1796 2651 2124 2711 Entwicklung
2165 2650 2244 2710 der
2284 2650 2454 2710 Rhein-
2505 2650 2579 2710 und

793 2746 1237 2806 Kanalschiffahrt
1281 2747 1570 2807 entstanden
1614 2747 1725 2807 ist.
1764 2746 1848 2806 Sie
1886 2746 2025 2806 haben
2070 2746 2181 2806 sich
2225 2747 2663 2807 unbestreitbaren

794 2840 1055 2900 Verdienst
1095 2843 1323 2903 erworben
1369 2845 1602 2905 dadurch,
1647 2845 1756 2905 dass
1796 2845 1876 2905 Sie
1921 2845 1995 2905 die
2040 2845 2581 2905 Personenschiffahrt

796 2938 862 2998 auf
907 2939 986 2999 dem
1030 2941 1382 3001 baslerischen
1427 2942 1757 3002 Rheingebiet
1791 2942 1969 3002 wieder
2008 2942 2333 3002 aufgenommen
2378 2943 2551 3003 haben.
2596 2944 2674 3004 Die

796 3036 994 3096 heutige
1039 3038 1147 3098 Lage
1192 3038 1362 3098 bietet
1401 3038 1509 3098 aber
1554 3037 1662 3097 nach
1707 3037 1872 3097 unserm
1917 3037 2240 3097 Dafürhalten
2286 3037 2364 3097 für
2404 3038 2478 3098 ein
2523 3041 2733 3101 Schiff,

790 3137 860 3197 das
904 3137 986 3197 nur
1024 3137 1472 3197 Personenfahrten
1521 3137 1843 3197 durchführen
1887 3137 2029 3197 kann,
2072 3137 2148 3197 und
2192 3137 2394 3197 deshalb
2438 3137 2700 3197 vollstän-

2658 3308 2736 3368 ./.
