2925 3607
1552 340 1588 400 3
1636 338 1654 398 -

748 449 790 509 An
832 449 918 509 den
960 448 1188 508 Vorstand
1230 446 1315 506 der
1351 445 1529 505 Basler
1571 437 2572 497 Personenschiffahrts-Gesellschaft,

2358 487 2599 547 18.2.28.

1478 491 1777 551 Basel.

751 597 830 657 dig
876 596 948 656 vom
994 595 1192 655 schönen
1238 593 1410 653 Wetter
1456 590 1654 650 während
1700 589 1779 649 der
1820 588 1964 648 guten
2004 587 2301 647 Jahreszeit
2348 587 2578 647 abhängig

758 700 867 760 ist,
910 698 1050 758 keine
1093 692 1698 752 Existenzmöglichkeit.

1362 791 1534 851 Selbst
1573 790 1679 850 wenn
1729 788 1801 848 die
1846 788 1963 848 drei
2002 788 2141 848 Boote
2186 787 2264 847 von
2308 786 2386 846 uns
2431 784 2509 844 be-

760 896 956 956 trieben
1000 895 1202 955 werden,
1246 893 1290 953 so
1335 892 1569 952 bedeutet
1607 890 1721 950 dies
1765 889 1841 949 für
1886 889 1968 949 uns
2005 887 2176 947 keinen
2220 887 2575 947 wesentlichen

764 994 993 1054 Vorteil.
1037 992 1171 1052 Immer
1215 992 1323 1052 wird
1367 990 1755 1050 "Rheinfelden"
1800 988 1876 1048 das
1920 986 2276 1046 ungünstigste
2321 985 2435 1045 Boot

766 1089 991 1149 bleiben.
1030 1087 1113 1147 Der
1152 1086 1351 1146 Betrieb
1396 1084 1537 1144 aller
1576 1082 1692 1142 drei
1730 1082 1872 1142 Boote
1917 1081 2052 1141 durch
2097 1079 2174 1139 uns
2219 1079 2425 1139 schafft
2463 1079 2508 1139 in

763 1186 934 1246 erster
973 1183 1111 1243 Linie
1158 1182 1236 1242 für
1283 1181 1362 1241 das
1402 1180 1633 1240 Publikum
1678 1178 1883 1238 bessere
1922 1175 2311 1235 Verhältnisse.
2357 1175 2462 1235 (Wir

769 1280 928 1340 dürfen
974 1277 1108 1337 ruhig
1154 1276 1326 1336 sagen,
1372 1275 1480 1335 erst
1519 1273 1840 1333 vernünftige
1884 1270 2301 1330 Verhältnisse).
2340 1270 2392 1330 Er
2436 1270 2539 1330 ver-

761 1375 963 1435 hindert
1004 1373 1296 1433 vielleicht
1337 1373 1444 1433 auch
1491 1372 1569 1432 das
1610 1372 1871 1432 Entstehen
1918 1372 2055 1432 eines
2103 1370 2298 1430 grossen
2346 1368 2423 1428 Be-

760 1475 1203 1535 triebsverlustes
1251 1472 1323 1532 für
1365 1472 1484 1532 Boot
1527 1471 1945 1531 "Rheinfelden".

1551 1622 1642 1682 II.

1434 1718 1731 1778 Vorschlag.

1366 1817 1439 1877 Wir
1489 1817 1716 1877 schlagen
1765 1816 1900 1876 Ihnen
1943 1816 2060 1876 vor,
2102 1816 2182 1876 das
2225 1816 2581 1876 fahrtüchtige

763 1919 836 1979 und
879 1918 1181 1978 fahrbereit
1224 1915 1582 1975 ausgerüstete
1625 1913 1797 1973 Schiff
1841 1912 2235 1972 "Rheinfelden"
2278 1913 2321 1973 zu
2370 1913 2536 1973 mieten

770 2024 908 2084 gegen
951 2020 1064 2080 eine
1108 2018 1246 2078 feste
1290 2016 1622 2076 Jahresmiete
1665 2015 1741 2075 von
1784 2015 1866 2075 Fr.
1910 2015 2116 2075 7500.-.

1373 2117 1445 2177 Die
1487 2116 1632 2176 Miete
1675 2116 1820 2176 würde
1862 2116 1946 2176 auf
1983 2116 2103 2176 drei
2140 2116 2285 2176 Jahre
2327 2116 2442 2176 fest
2478 2113 2563 2173 ab-

766 2221 1161 2281 geschlossen.

1371 2315 1451 2375 Wir
1495 2315 1791 2375 übernehmen
1840 2314 2105 2374 sämtliche
2148 2315 2666 2375 Betriebsausgaben,

767 2420 1212 2480 einschliesslich
1261 2417 1655 2477 Versicherung.

1371 2513 1449 2573 Wir
1493 2515 1788 2575 übernehmen
1833 2516 1910 2576 den
1955 2515 2194 2575 normalen
2239 2515 2506 2575 Unterhalt

770 2620 844 2680 des
890 2620 1154 2680 Schiffes,
1201 2618 1373 2678 soweit
1413 2617 1465 2677 er
1505 2617 1580 2677 von
1626 2617 1706 2677 der
1746 2615 2016 2675 Besatzung
2062 2615 2419 2675 durchgeführt
2459 2615 2631 2675 werden

773 2719 932 2779 kann.

1387 2816 1548 2876 Grosse
1590 2814 2168 2874 Unterhaltsarbeiten,
2206 2812 2286 2872 die
2329 2812 2414 2872 mit
2457 2813 2532 2873 der

780 2914 1125 2974 Konstruktion
1170 2912 1253 2972 des
1292 2912 1526 2972 Schiffes
1571 2911 2022 2971 zusammenhängen,
2060 2911 2411 2971 insbesondere
2456 2911 2562 2971 auch

776 3011 847 3071 die
896 3011 1186 3071 periodisch
1229 3010 1552 3070 notwendigen
1595 3008 2104 3068 Revisionsarbeiten
2153 3008 2290 3068 gehen
2339 3008 2383 3068 zu
2432 3008 2569 3068 Ihren

769 3106 995 3166 Lasten.

1374 3205 1416 3265 In
1458 3203 1847 3263 Havariefällen
1889 3202 2003 3262 hört
2045 3202 2129 3262 für
2171 3202 2249 3262 die
2291 3202 2434 3262 Zeit,
2465 3200 2524 3260 da
2573 3199 2650 3259 das

2545 3311 2642 3371 ./.
