2925 3608
1557 313 1575 373 4
1634 311 1646 371 -

761 424 807 484 An
853 424 932 484 den
979 422 1211 482 Vorstand
1251 421 1330 481 der
1377 418 1549 478 Basler
1589 412 2596 472 Personenschiffahrts-Gesellschaft,

2286 463 2524 523 18.2.28.

1506 466 1807 526 Basel.

774 568 943 628 Schiff
983 568 1159 628 ausser
1199 566 1376 626 Dienst
1410 565 1531 625 ist,
1565 565 1646 625 die
1687 562 2018 622 Mietzahlung
2065 560 2174 620 auf,
2214 558 2418 618 dagegen
2458 556 2539 616 er-

779 674 952 734 halten
994 673 1070 733 Sie
1119 672 1195 732 die
1243 671 1313 731 von
1354 670 1438 730 der
1479 668 1833 728 Versicherung
1874 665 2138 725 vergütete
2179 662 2567 722 Schadenssumme

782 775 853 835 von
899 775 982 835 uns
1027 773 1356 833 ausbezahlt.

1387 869 1464 929 Für
1509 869 1586 929 den
1631 870 1772 930 Fall,
1810 869 1920 929 dass
1965 869 2042 929 Sie
2087 868 2163 928 das
2202 866 2382 926 Schiff
2420 864 2651 924 während-

764 976 842 1036 der
888 974 1031 1034 Dauer
1070 973 1147 1033 des
1193 971 1583 1031 Mietvertrages
1622 970 1889 1030 verkaufen
1934 968 2136 1028 wollen,
2181 967 2350 1027 räumen
2396 966 2473 1026 Sie
2519 964 2597 1024 uns

787 1078 853 1138 ein
903 1073 1291 1133 Vorkaufsrecht
1335 1072 1446 1132 ein.

1387 1171 1463 1231 Sie
1510 1171 1709 1231 stellen
1755 1169 1832 1229 uns
1873 1168 1954 1228 die
2001 1166 2142 1226 Ihrer
2183 1165 2540 1225 Gesellschaft

786 1273 1075 1333 gehörenden
1119 1268 1508 1328 Landungsstege
1550 1267 1629 1327 zur
1671 1265 1969 1325 Verfügung.
2004 1265 2090 1325 Wir
2132 1264 2423 1324 übernehmen
2465 1261 2542 1321 auf

789 1369 952 1429 unsere
994 1366 1230 1426 Rechnung
1273 1364 1346 1424 den
1388 1363 1625 1423 normalen
1667 1360 1933 1420 Unterhalt
1976 1360 2048 1420 und
2097 1360 2176 1420 die
2218 1360 2606 1420 Versicherung.

1401 1462 1469 1522 Wir
1516 1460 1874 1520 verpflichten
1920 1460 2036 1520 uns,
2076 1460 2157 1520 den
2197 1459 2405 1519 Verkehr
2445 1457 2555 1517 nach

781 1562 1105 1622 Rheinfelden
1154 1562 1197 1622 im
1246 1561 1540 1621 bisherigen
1583 1558 1760 1618 Umfang
1803 1556 2036 1616 aufrecht
2079 1555 2128 1615 zu
2170 1555 2403 1615 erhalten
2452 1555 2525 1615 und

774 1660 818 1720 zu
861 1658 1189 1718 entwickeln.
1232 1657 1314 1717 Die
1359 1655 1654 1715 Fahrpreise
1697 1654 1780 1714 für
1817 1652 2144 1712 Rheinfelden
2195 1651 2364 1711 werden
2408 1651 2497 1711 die
2534 1652 2609 1712 von

797 1759 865 1819 uns
914 1759 988 1819 bis
1030 1757 1174 1817 jetzt
1215 1754 1599 1814 aufgestellten
1647 1750 1791 1810 nicht
1832 1750 2250 1810 überschreiten.

1360 1852 1436 1912 Wir
1482 1852 1714 1912 glauben,
1761 1850 1871 1910 dass
1912 1849 2092 1909 dieser
2133 1849 2400 1909 Vorschlag
2446 1849 2528 1909 der

784 1956 1015 2016 heutigen
1061 1954 1170 2014 Lage
1209 1952 1441 2012 Rechnung
1486 1951 1660 2011 trägt.
1698 1951 1775 2011 Für
1821 1949 1898 2009 Sie
1936 1949 2026 2009 ist
2066 1949 2117 2009 er
2156 1948 2387 2008 insofern
2432 1946 2541 2006 ein-

790 2060 895 2120 fach
945 2059 1019 2119 und
1063 2057 1416 2117 vorteilhaft,
1459 2056 1540 2116 als
1584 2055 1658 2115 Sie
1701 2054 1782 2114 mit
1825 2053 1962 2113 einem
2011 2051 2303 2111 jährlichen
2346 2050 2607 2110 Einnahme-

796 2161 965 2221 Betrag
1008 2161 1086 2221 von
1129 2159 1207 2219 Fr.
1250 2159 1419 2219 7500.-
1462 2158 1662 2218 rechnen
1705 2156 1911 2216 können,
1954 2155 2032 2215 und
2074 2155 2184 2215 über
2226 2155 2305 2215 den
2347 2155 2432 2215 Sie
2475 2155 2584 2215 frei

797 2263 839 2323 zu
882 2263 1114 2323 verfügen
1157 2261 1206 2321 in
1248 2261 1328 2321 der
1371 2260 1481 2320 Lage
1530 2259 1670 2319 sind,
1713 2258 1762 2318 da
1805 2257 1915 2317 alle
1958 2256 2440 2316 Betriebsausgaben
2483 2255 2525 2315 zu

803 2368 965 2428 unsern
1007 2366 1177 2426 Lasten
1225 2365 1394 2425 gehen.
1430 2362 1938 2422 Ausserordentliche
1980 2360 2512 2420 Unterhaltsarbeiten

792 2470 964 2530 sollte
1005 2468 1085 2528 das
1126 2467 1274 2527 Boot,
1315 2467 1424 2527 wenn
1471 2465 1516 2525 es
1562 2465 1700 2525 heute
1746 2464 1793 2524 in
1838 2464 1977 2524 gutem
2022 2464 2229 2524 Zustand
2269 2464 2385 2524 ist,
2425 2464 2471 2524 in
2517 2465 2597 2525 den

791 2570 1023 2630 nächsten
1066 2569 1170 2629 zwei
1213 2567 1293 2627 bis
1336 2567 1447 2627 drei
1495 2566 1667 2626 Jahren
1710 2566 1851 2626 nicht
1894 2564 2035 2624 nötig
2077 2564 2256 2624 haben.
2298 2564 2378 2624 Wir
2421 2563 2586 2623 müssen

789 2671 863 2731 uns
908 2668 1381 2728 natürlicherweise
1426 2666 1535 2726 eine
1580 2665 1871 2725 gemeinsame
1916 2665 2207 2725 technische
2252 2665 2514 2725 Expertise
2560 2663 2667 2723 über

787 2767 865 2827 den
914 2767 1113 2827 Zustand
1157 2765 1240 2825 des
1279 2764 1455 2824 Bootes
1500 2763 1859 2823 vorbehalten.

1373 2863 1451 2923 Für
1496 2864 1569 2924 die
1613 2864 1663 2924 an
1708 2864 1787 2924 der
1826 2863 2128 2923 Schiffahrt
2161 2862 2278 2922 nach
2318 2861 2641 2921 Rheinfelden

789 2965 1196 3025 interessierten
1240 2963 1569 3023 Rheinfelder
1608 2963 1781 3023 Kreise
1826 2962 2060 3022 bedeutet
2099 2962 2177 3022 die
2222 2960 2300 3020 von
2345 2960 2428 3020 uns
2473 2959 2640 3019 vorge-

799 3064 1055 3124 schlagene
1103 3064 1269 3124 Lösung
1311 3062 1609 3122 zweifellos
1650 3061 1788 3121 einen
1835 3061 2031 3121 grossen
2080 3061 2312 3121 Vorteil,
2353 3059 2461 3119 denn
2508 3059 2591 3119 bei

797 3167 872 3227 den
915 3166 1184 3226 niedrigen
1227 3164 1552 3224 Fahrpreisen
1595 3161 1770 3221 dürfte
1813 3161 1889 3221 ein
1932 3160 2232 3220 vermehrter
2269 3160 2444 3220 Besuch
2487 3160 2562 3220 von

2413 3266 2505 3326 ./.
