2925 3607
1543 293 1720 353 Basel,
1764 292 1840 352 den
1884 292 1941 352 1.
1979 292 2092 352 März
2137 291 2282 351 1928.

690 313 880 373 Basler

288 385 1250 445 Rheinschiffahrt-Aktiengesellschaft

617 449 888 509 Marktgasse
920 448 936 508 5

614 541 759 601 Postfach
796 542 900 602 Basel
922 542 941 602 I

537 587 709 647 Telephon:
736 586 881 646 Safran
912 586 966 646 47.
980 586 1012 646 90

532 632 769 692 Telegramme:
800 631 1012 691 Navibale

524 674 726 734 Postcheck-
740 673 847 733 Konto
878 674 896 734 V
936 675 1013 735 3012

1361 689 1528 749 Basler
1569 686 2558 746 Personenschiffahrtsgesellschaft,

301 727 622 787 Bankverbindung:
634 727 913 787 Schweizerischer
930 728 1150 788 Bankverein,
1163 727 1255 787 Basel

1814 784 2128 844 Basel.

759 840 850 900 G/M

764 1136 1001 1196 Betrifft
1043 1135 1120 1195 Ihr
1162 1133 1424 1193 Schreiben
1466 1132 1542 1192 vom
1584 1130 1669 1190 27.
1711 1130 1948 1190 Februar.

1376 1231 1455 1291 Mit
1494 1229 1663 1289 unserm
1714 1229 2098 1289 ausführlichen
2143 1226 2408 1286 Schreiben

778 1339 846 1399 vom
893 1339 975 1399 18.
1015 1337 1213 1397 Februar
1254 1335 1396 1395 haben
1438 1333 1519 1393 wir
1559 1333 1641 1393 uns
1682 1330 1975 1390 gestattet,
2022 1328 2152 1388 Ihnen
2199 1327 2369 1387 unsere
2410 1325 2491 1385 An-

775 1447 913 1507 sicht
956 1445 1072 1505 über
1108 1443 1188 1503 das
1231 1441 1529 1501 Verhältnis
1572 1439 1652 1499 der
1695 1438 1863 1498 beiden
1906 1435 2449 1495 Personenschiffahrt

778 1549 1057 1609 treibenden
1106 1545 1517 1605 Gesellschaften
1559 1541 1887 1601 darzulegen.
1928 1540 2019 1600 Wir
2054 1538 2193 1598 haben
2235 1535 2500 1595 eingehend

780 1649 1068 1709 begründet,
1105 1647 1246 1707 warum
1291 1645 1372 1705 wir
1409 1645 1549 1705 keine
1587 1642 1920 1702 Möglichkeit
1957 1640 2128 1700 sehen,
2172 1639 2275 1699 eine
2320 1636 2579 1696 Betriebs-

772 1747 1122 1807 gemeinschaft
1159 1744 1212 1804 zu
1249 1741 1645 1801 organisieren,
1682 1739 1756 1799 die
1801 1738 2003 1798 einfach
2047 1735 2129 1795 ist
2174 1734 2249 1794 und
2293 1733 2584 1793 gestattet,

776 1843 852 1903 den
893 1840 1102 1900 Verkehr
1143 1839 1191 1899 so
1233 1838 1281 1898 zu
1323 1837 1614 1897 entwickeln
1663 1834 1731 1894 und
1780 1831 2195 1891 durchzuführen,
2238 1829 2348 1889 dass
2390 1828 2493 1888 alle

767 1934 1083 1994 Beteiligten
1135 1931 1216 1991 auf
1253 1930 1363 1990 ihre
1407 1928 1643 1988 Rechnung
1679 1925 1886 1985 kommen.
1930 1924 2011 1984 Wir
2055 1923 2158 1983 sind
2202 1920 2320 1980 nach
2357 1918 2533 1978 einge-

774 2033 948 2093 hender
983 2030 1346 2090 Untersuchung
1383 2029 1469 2089 zur
1506 2027 1716 2087 Ansicht
1753 2023 2021 2083 gekommen,
2064 2020 2173 2080 dass
2216 2019 2296 2079 die
2339 2017 2448 2077 ein-

786 2131 985 2191 fachste
1026 2129 1136 2189 Form
1177 2128 1258 2188 der
1300 2125 1903 2185 Betriebsgemeinschaft
1944 2122 2026 2182 die
2067 2120 2211 2180 Miete
2253 2117 2396 2177 Ihres

786 2226 1011 2286 Schiffes
1056 2222 1469 2282 "Rheinfelden",
1484 2219 1626 2279 durch
1663 2218 1746 2278 uns
1783 2218 1896 2278 ist.
1941 2216 2023 2276 Wir
2061 2215 2203 2275 haben
2248 2212 2331 2272 uns
2368 2209 2510 2269 heute

789 2324 895 2384 noch
936 2321 1142 2381 einmal,
1184 2319 1323 2379 Ihrer
1363 2317 1603 2377 Anregung
1644 2314 2030 2374 entsprechend,
2063 2311 2145 2371 die
2185 2308 2572 2368 Angelegenheit

785 2419 1043 2479 gründlich
1087 2417 1352 2477 überlegt,
1397 2414 1500 2474 sind
1545 2413 1655 2473 aber
1699 2410 1869 2470 leider
1914 2408 2090 2468 wieder
2127 2407 2208 2467 zum
2252 2405 2489 2465 gleichen

785 2512 1013 2572 Resultat
1057 2511 1321 2571 gekommen.
1358 2509 1439 2569 Die
1483 2506 1836 2566 Verhältnisse
1881 2503 1932 2563 in
1968 2502 2057 2562 der
2094 2498 2637 2558 Personenschiffahrt

783 2612 893 2672 sind
938 2611 1018 2671 so,
1056 2610 1173 2670 dass
1210 2608 1445 2668 wirklich
1490 2605 1570 2665 nur
1615 2604 1688 2664 die
1733 2600 2028 2660 einfachste
2071 2597 2668 2657 Betriebsorganisation

785 2710 1075 2770 angewendet
1110 2708 1287 2768 werden
1330 2706 1472 2766 darf.
1507 2704 1684 2764 Alles,
1727 2702 1805 2762 was
1848 2699 2110 2759 irgendwie
2153 2696 2266 2756 eine
2308 2695 2478 2755 rasche

797 2809 1047 2869 Verfügung
1088 2807 1198 2867 über
1240 2807 1323 2867 die
1365 2804 1566 2864 Schiffe
1607 2802 1898 2862 erschwert,
1946 2800 2175 2860 schädigt
2217 2798 2293 2858 das
2334 2798 2632 2858 Erträgnis.

792 2911 869 2971 Die
911 2909 1268 2969 Verhältnisse
1309 2907 1358 2967 in
1401 2905 1484 2965 der
1519 2902 1974 2962 Rheinschiffahrt
2016 2899 2058 2959 im
2106 2897 2436 2957 allgemeinen
2484 2897 2554 2957 und

783 3019 885 3079 auch
929 3018 980 3078 in
1022 3016 1108 3076 der
1151 3013 1698 3073 Personenschiffahrt
1732 3009 1877 3069 Basel
1920 3007 1937 3067 -
1979 3005 2304 3065 Rheinfelden
2356 3001 2458 3061 sind
2501 2998 2620 3058 oftt
