2924 3607
1453 265 1633 325 Basel,
1674 265 1757 325 den
1798 264 1854 324 2.
1896 262 2047 322 April
2089 263 2241 323 1928.

419 433 499 493 Zur
534 430 925 490 Kenntnisnahme
969 427 1013 487 an
1059 425 1227 485 BASLER
1271 418 2213 478 PERSONENSCHIFFAHRTSGESELLSCHAFT

1428 665 1536 725 Kur-
1590 665 1665 725 und
1712 664 2173 724 Verkehrsverein,

1996 764 2684 824 Rheinfelden.

663 774 743 834 c/u

714 1114 951 1174 Botrifft
988 1111 1290 1171 Schiffahrt
1326 1111 1875 1171 Basel-Rheinfelden.

1318 1211 1398 1271 Wie
1442 1211 1523 1271 Sie
1561 1211 1977 1271 wahrscheinlich
2021 1210 2157 1270 schon
2207 1210 2467 1270 vernommen
2511 1211 2685 1271 haben,

718 1315 820 1375 soll
865 1314 915 1374 in
952 1313 1040 1373 der
1076 1312 1428 1372 Durchführung
1472 1312 1553 1372 der
1597 1312 1890 1372 Schiffahrt
1933 1310 2161 1370 zwischen
2204 1309 2344 1369 Basel
2388 1306 2468 1366 und

718 1411 1032 1471 Rheinfelden
1078 1411 1249 1471 dieses
1288 1411 1400 1471 Jahr
1445 1410 1557 1470 eine
1596 1409 1859 1469 Aenderung
1898 1408 2194 1468 eintreten.
2233 1408 2279 1468 Um
2325 1406 2411 1466 die
2450 1406 2528 1466 un-

713 1511 1013 1571 liebsamen,
1052 1511 1157 1571 nach
1203 1510 1406 1570 unserer
1446 1510 1648 1570 Ansicht
1687 1510 1831 1570 sogar
1871 1508 2191 1568 unhaltbaren
2237 1508 2498 1568 Zustände,

716 1612 888 1672 welche
930 1612 1068 1672 durch
1110 1612 1193 1672 die
1235 1610 1525 1670 Konkurrenz
1566 1609 1649 1669 der
1684 1609 1856 1669 beiden
1897 1607 2008 1667 nach
2050 1607 2367 1667 Rheinfelden

720 1711 976 1771 fahrenden
1021 1709 1342 1769 Unternehmen
1386 1709 1766 1769 hervorgerufen
1810 1709 1977 1769 worden
2022 1709 2163 1769 sind,
2202 1709 2253 1769 zu
2298 1708 2587 1768 beseitigen

719 1811 855 1871 heben
900 1810 984 1870 wir
1029 1810 1104 1870 uns
1142 1810 1534 1870 entschlossen,
1573 1810 1648 1870 der
1686 1810 1868 1870 Basler
1905 1807 2683 1867 Personenschiffahrtsgesell-

726 1910 889 1970 schaft
929 1909 1041 1969 eine
1080 1909 1409 1969 Kaufofferte
1455 1907 1533 1967 für
1573 1907 1652 1967 das
1691 1907 1869 1967 Schiff
1915 1906 2296 1966 "Rheinfelden"
2335 1906 2382 1966 zu
2428 1906 2598 1966 unter-

706 2012 944 2072 breiten.
986 2011 1061 2071 Wir
1102 2011 1341 2071 glauben,
1381 2009 1490 2069 dass
1531 2009 1607 2069 wir
1654 2009 1702 2069 in
1743 2009 1914 2069 unserm
1955 2008 2316 2068 Preisangebot
2350 2008 2467 2068 sehr
2508 2008 2678 2068 gross-

720 2113 861 2173 zügig
904 2111 1103 2171 gewesen
1145 2110 1287 2170 sind.
1329 2110 1407 2170 Die
1456 2109 1748 2169 Uebernahme
1790 2108 1869 2168 des
1911 2108 2145 2168 Schiffes
2187 2108 2229 2168 zu
2273 2108 2350 2168 dem
2393 2108 2478 2168 von
2521 2108 2598 2168 uns

715 2212 1036 2272 angebotenen
1080 2210 1221 2270 Preis
1260 2210 1497 2270 bedeutet
1542 2210 1619 2270 für
1657 2210 1740 2270 uns
1779 2210 2074 2270 Uebernahme
2112 2212 2253 2272 eines
2292 2212 2528 2272 Risikos,

709 2314 786 2374 das
835 2314 975 2374 unter
1017 2312 1282 2372 Umständen
1325 2311 1556 2371 ziemlich
1597 2311 1744 2371 gross
1779 2312 1898 2372 ist.

1299 2411 1376 2471 Wir
1419 2410 1558 2470 haben
1603 2410 1680 2470 uns
1724 2410 1828 2470 aber
1872 2411 2253 2471 entschlossen,
2297 2411 2471 2471 dieses
2505 2411 2644 2471 Risi-

724 2513 766 2573 ko
807 2512 890 2572 auf
932 2512 1008 2572 uns
1050 2512 1098 2572 zu
1140 2512 1348 2572 nehmen,
1389 2512 1431 2572 im
1480 2512 1743 2572 Interesse
1785 2512 1923 2572 einer
1965 2512 2194 2572 gesunden
2235 2508 2526 2568 Weiterent-

715 2613 947 2673 wicklung
989 2612 1067 2672 der
1110 2611 1646 2671 Personenschiffahrt
1689 2611 1922 2671 zwischen
1964 2611 2105 2671 Basel
2147 2610 2225 2670 und
2261 2609 2621 2669 Rheinfelden.

1323 2711 1396 2771 Wir
1437 2711 1578 2771 haben
1624 2710 1705 2770 uns
1746 2711 1820 2771 dem
1867 2711 2096 2771 Vorstand
2142 2711 2223 2771 der
2263 2710 2438 2770 Basler
2478 2710 2586 2770 Per-

706 2810 1553 2870 sonenschiffahrtsgesellschaft
1593 2810 1855 2870 gegenüber
1895 2812 2072 2872 bereit
2112 2812 2341 2872 erklärt,
2380 2812 2492 2872 eine
2538 2812 2643 2872 Ver-

710 2912 1008 2972 pflichtung
1049 2911 1132 2971 auf
1174 2911 1251 2971 uns
1292 2911 1340 2971 zu
1375 2911 1555 2971 nehmen
1597 2911 1673 2971 für
1714 2911 1798 2971 die
1832 2911 2345 2971 Aufrechterhaltung
2386 2908 2462 2968 der

722 3011 1009 3071 Schiffahrt
1048 3011 1278 3071 zwischen
1324 3011 1468 3071 Basel
1514 3011 1586 3071 und
1626 3010 1979 3070 Rheinfelden.
2025 3010 2103 3070 Wir
2143 3010 2280 3070 haben
2327 3010 2654 3070 vereinbart,

716 3109 830 3169 dass
864 3109 953 3169 wir
994 3109 1136 3169 diese
1177 3109 1556 3169 Verpflichtung
1605 3110 1740 3170 Ihnen
1780 3110 2046 3170 gegenüber
2086 3109 2161 3169 als
2201 3109 2283 3169 der
2324 3107 2649 3167 Vertreterin

717 3210 802 3270 der
841 3209 1129 3269 Interessen
1174 3209 1253 3269 der
1299 3209 1436 3269 Stadt
1475 3209 1795 3269 Rheinfelden
1842 3209 1888 3269 in
1933 3209 2011 3269 der
2051 3208 2646 3268 Personenschiffahrts-

2286 3316 2389 3376 ./.
