2924 3605
1459 287 1471 347 -
1518 287 1541 347 3
1582 287 1600 347 -

698 385 812 445 Kur-
857 385 935 445 und
970 386 1420 446 Verkehrsverein,
1490 391 2124 451 Rheinfelden.
2212 392 2423 452 2.4.28.

699 487 771 547 tun
816 488 1021 548 werden,
1060 490 1138 550 was
1178 490 1224 550 in
1270 491 1473 551 unserer
1513 493 1657 553 Macht
1697 493 1875 553 liegt,
1914 494 1960 554 um
2006 494 2085 554 die
2124 494 2446 554 Verkehrsbe-

705 586 958 646 ziehungen
1006 589 1085 649 auf
1127 589 1200 649 dem
1243 590 1382 650 Shein
1430 590 1659 650 zwischen
1702 592 1841 652 Basel
1890 592 1962 652 und
2004 592 2325 652 Rheinfelden

700 686 962 746 möglichst
1001 688 1046 748 zu
1092 689 1412 749 entwickeln.
1458 691 1530 751 Den
1576 691 1837 751 Fahrpreis
1876 691 2020 751 Basel
2060 691 2079 751 -
2125 691 2445 751 Rheinfelden
2490 694 2562 754 und

702 784 869 844 zurück
919 785 1051 845 haben
1093 787 1177 847 wir
1225 788 1303 848 für
1344 788 1512 848 dieses
1554 790 1666 850 Jahr
1707 790 1791 850 auf
1832 790 1917 850 Fr.
1951 791 2035 851 2.-
2077 791 2405 851 festgesetzt

704 883 776 943 und
822 885 1027 945 hoffen,
1066 887 1237 947 diesen
1278 887 1422 947 Preis
1461 889 1607 949 recht
1646 890 1785 950 lange
1831 890 2061 950 aufrecht
2108 892 2339 952 erhalten
2378 893 2424 953 zu

699 985 902 1045 können.
937 986 1018 1046 Wir
1059 986 1229 1046 hoffen
1276 988 1385 1048 auch
1426 989 1507 1049 auf
1548 989 1657 1049 Ihre
1698 991 2078 1051 Unterstützung
2126 992 2166 1052 in
2214 992 2384 1052 dieser
2425 992 2506 1052 An-

692 1087 1057 1147 gelegenheit.

1306 1187 1376 1247 Wir
1419 1189 1588 1249 bitten
1638 1190 1745 1250 Sie,
1787 1192 1865 1252 uns
1907 1192 1985 1252 den
2027 1195 2233 1255 Empfang
2275 1195 2445 1255 dieses

694 1286 902 1346 Briefes
941 1286 993 1346 zu
1033 1286 1358 1346 bestätigen.

1688 1388 2024 1448 Hochachtend

1890 1438 1995 1498 SERR

1301 1489 2323 1549 RHEINSCHIFFAHRT-AKTIENGESELLSCHAFT

684 1833 984 1893 Abschrift:
1019 1835 1193 1895 Basler
1228 1837 2197 1897 Personenschiffahrtsgesellschaft,
2239 1843 2413 1903 Basel.
