2925 3609
2469 319 2565 379 21

1478 632 1784 692 Basel,
1821 629 1896 689 den
1940 626 2000 686 4.
2037 623 2179 683 April
2224 620 2373 680 1928.

1013 732 1300 792 ESCHREIBEN

1049 885 1223 945 Basler
1259 874 2331 934 Rheinschiffahrt-Aktiengesellschaft

2079 970 2375 1030 BASEL

2104 1066 2395 1126 Marktgasse
2436 1062 2461 1122 5

938 1236 1023 1296 Wir
1062 1233 1167 1293 sind
1216 1231 1263 1291 im
1301 1228 1513 1288 Besitze
1551 1225 1695 1285 Ihres
1733 1223 1973 1283 Geehrten
2021 1219 2098 1279 vom
2136 1217 2194 1277 3.
2233 1217 2318 1277 ds.
2358 1213 2434 1273 und
2481 1210 2616 1270 haben

613 1340 754 1400 davon
788 1337 1028 1397 Kenntnis
1071 1333 1344 1393 genommen,
1378 1330 1497 1390 dass
1530 1327 1607 1387 Sie
1650 1324 1836 1384 bereit
1869 1321 2022 1381 sind,
2054 1318 2130 1378 den
2175 1315 2437 1375 Kaufpreis
2480 1312 2568 1372 für
2601 1312 2688 1372 das

619 1439 798 1499 Schiff
871 1435 1262 1495 "Rheinfelden"
1293 1431 1389 1491 auf
1420 1430 1505 1490 Fr.
1547 1429 1631 1489 105
1663 1426 1842 1486 864.65
1883 1423 1937 1483 zu
1968 1421 2211 1481 erhöhen,
2222 1418 2305 1478 uns
2338 1417 2421 1477 das
2463 1414 2611 1474 Boot.

623 1544 792 1604 sofern
840 1540 1009 1600 unsere
1045 1535 1407 1595 Gesellschaft
1445 1529 1614 1589 weiter
1650 1525 1891 1585 bestehen
1928 1522 2133 1582 bleibt,
2169 1518 2411 1578 jährlich
2447 1513 2531 1573 für
2568 1511 2676 1571 eine

621 1641 885 1701 Freifahrt
917 1638 970 1698 im
1001 1635 1277 1695 Anschluss
1308 1632 1363 1692 an
1405 1630 1489 1690 die
1521 1624 2061 1684 Generalversammlung
2104 1619 2189 1679 von
2231 1617 2369 1677 Basel
2412 1614 2517 1674 nach

613 1741 933 1801 Eheinfelden
978 1738 1058 1798 und
1104 1735 1276 1795 zurück
1321 1732 1400 1792 zur
1436 1729 1698 1789 Verfügung
1743 1726 1801 1786 zu
1835 1724 2074 1784 stellen,
2121 1720 2189 1780 und
2234 1718 2315 1778 uns
2360 1716 2441 1776 für
2475 1713 2566 1773 den
2601 1711 2714 1771 Fall

616 1846 762 1906 einer
787 1839 1340 1899 Wiederveräusserung
1376 1831 1463 1891 des
1500 1828 1733 1888 Schiffes
1781 1825 1855 1885 das
1893 1819 2284 1879 Vorkaufsrecht
2322 1812 2690 1872 einzuräumen.

965 1939 1040 1999 Ihr
1083 1936 1384 1996 Vorschlag,
1417 1933 1503 1993 für
1546 1930 1654 1990 zwei
1697 1928 1837 1988 Jahre
1880 1925 1955 1985 die
1998 1920 2386 1980 Vergünstigung
2429 1915 2505 1975 zum
2548 1911 2698 1971 Bezu-

635 2052 676 2112 ge
716 2048 866 2108 eines
906 2041 1232 2101 Freibillets
1273 2036 1355 2096 pro
1395 2031 1748 2091 Anteilschein
1789 2026 2142 2086 einzuräumen,
2182 2020 2292 2080 geht
2332 2016 2535 2076 weniger
2564 2011 2685 2071 weit

640 2150 719 2210 als
759 2146 838 2206 die
878 2144 959 2204 von
998 2140 1170 2200 unserm
1197 2136 1436 2196 Vorstand
1476 2131 1768 2191 gewünschte
1808 2126 2114 2186 Bedingung.
2140 2122 2221 2182 Wir
2261 2120 2380 2180 sind
2420 2115 2527 2175 aber
2567 2110 2738 2170 trotz-

633 2250 717 2310 dem
755 2246 963 2306 bereit,
999 2242 1085 2302 der
1121 2237 1660 2297 Generalversammlung
1708 2232 1758 2292 zu
1795 2227 2100 2287 empfehlen,
2137 2221 2382 2281 entweder
2418 2216 2565 2276 Ihren

631 2351 777 2411 neuen
818 2346 1085 2406 Vorschlag
1124 2342 1245 2402 oder
1272 2338 1417 2398 Ihren
1459 2334 1699 2394 früheren
1738 2329 2005 2389 Vorschlag
2059 2325 2099 2385 (1
2139 2320 2526 2380 Vorzugsbillet
2566 2314 2645 2374 pro

636 2449 1107 2509 Genossenschafter
1153 2443 1237 2503 auf
1274 2441 1301 2501 5
1338 2438 1514 2498 Jahre)
1552 2433 1884 2493 anzunehmen.

969 2548 1081 2608 Wenn
1118 2545 1204 2605 die
1243 2541 1416 2601 Basler
1453 2527 2398 2587 Personenschiffahrtsgesellschaft
2435 2513 2671 2573 bestehen

647 2655 860 2715 bleibt,
888 2651 947 2711 so
975 2649 1089 2709 wird
1131 2645 1246 2705 dies
1289 2641 1431 2701 nicht
1475 2639 1518 2699 in
1560 2636 1645 2696 der
1674 2633 1888 2693 Absicht
1917 2627 2231 2687 geschehen.
2259 2620 2403 2680 Ihnen
2445 2615 2587 2675 durch

654 2752 1065 2812 Wiederaufnahme
1107 2746 1194 2806 der
1222 2739 1762 2799 Personenschiffahrt
1805 2728 2103 2788 Konkurrenz
2131 2724 2190 2784 zu
2232 2721 2402 2781 machen
2446 2716 2643 2776 sondern

651 2859 735 2919 zum
777 2855 976 2915 Zwecke,
1020 2851 1105 2911 für
1133 2848 1219 2908 den
1247 2846 1376 2906 Fall
1404 2842 1561 2902 eines
1589 2836 1858 2896 künftigen
1886 2829 2158 2889 Versagens
2200 2823 2286 2883 des
2328 2817 2584 2877 Personen-

642 2956 1216 3016 schlffahrtserkehrs,
1247 2949 1326 3009 zur
1358 2944 1660 3004 Ergreifung
1708 2938 1787 2998 der
1821 2935 1900 2995 dem
1947 2929 2186 2989 Publikum
2218 2923 2489 2983 dienenden
2521 2916 2679 2976 Mass-
