2915 3601
660 578 834 638 nahmen
882 576 1112 636 gerüstet
1153 575 1202 635 zu
1243 574 1389 634 sein.
1424 574 1507 634 Wir
1549 574 1660 634 sind
1701 572 1931 632 indessen
1973 571 2125 631 nicht
2160 571 2209 631 in
2251 571 2326 631 der
2369 571 2515 631 Lage,
2556 569 2632 629 die

659 678 738 738 von
785 677 925 737 Ihnen
965 676 1171 736 nunmehr
1211 674 1511 734 geforderte
1551 673 1817 733 Bedingung
1864 671 2197 731 anzunehmen,
2237 670 2343 730 dass
2383 670 2470 730 wir
2510 668 2596 728 uns

667 779 714 839 in
762 779 931 839 keiner
993 778 1142 838 Weise
1190 776 1272 836 mit
1306 774 1850 834 Personenschiffahrt
1884 772 1932 832 in
1979 772 2116 832 Basel
2163 770 2238 830 und
2278 770 2510 830 Umgebung
2557 769 2632 829 ab-

669 880 809 940 geben
850 879 962 939 noch
1010 878 1205 938 Schiffe
1246 877 1296 937 zu
1344 875 1511 935 diesem
1553 874 1727 934 Zwecke
1769 872 1936 932 mieten
1977 871 2187 931 werden,
2194 869 2305 929 ohne
2347 869 2430 929 Ihr
2472 868 2576 928 aus-

673 980 990 1040 drückliches
1032 977 1477 1037 Einverständnis.
1519 974 1661 1034 Diese
1703 973 1781 1033 von
1823 973 1957 1033 Ihnen
2007 971 2268 1031 gestellte
2310 970 2571 1030 Bedingung

671 1079 908 1139 bedeutet
943 1079 1026 1139 ein
1068 1078 1242 1138 Novum.
1283 1076 1423 1136 Weder
1465 1072 2000 1132 währendVmündlichen
2049 1069 2432 1129 Verhandlungen
2474 1067 2578 1127 noch

674 1183 719 1243 in
757 1182 903 1242 Ihrem
941 1181 1117 1241 ersten
1163 1178 1369 1238 Angebot
1407 1177 1484 1237 war
1530 1177 1575 1237 je
1621 1175 1698 1235 von
1744 1174 1889 1234 einer
1927 1171 2225 1231 derartigen
2263 1169 2653 1229 Einschränkung

664 1283 873 1343 unserer
911 1280 1426 1340 Handlungsfreiheit
1464 1276 1538 1336 die
1583 1276 1733 1336 Rede.
1771 1273 1905 1333 Falls
1957 1272 2032 1332 Sie
2070 1271 2122 1331 an
2166 1271 2338 1331 dieser
2376 1270 2637 1330 Bedingung

682 1384 968 1444 festhalten
1006 1382 1246 1442 sollten,
1285 1380 1485 1440 müssten
1525 1378 1609 1438 wir
1649 1376 1733 1436 die
1773 1374 2166 1434 Angelegenheit
2206 1372 2275 1432 dem
2322 1370 2553 1430 Vorstand

679 1486 854 1546 erneut
895 1482 1247 1542 unterbreiten
1297 1480 1371 1540 und
1414 1479 1681 1539 eventuell
1723 1477 1797 1537 das
1839 1477 1981 1537 Datum
2023 1475 2098 1535 der
2140 1471 2591 1531 Generalversamm-

678 1587 782 1647 lung
831 1583 1187 1643 verschieben.
1220 1580 1309 1640 Wir
1349 1579 1520 1639 bitten
1560 1579 1641 1639 Sie
1682 1577 1828 1637 daher
1868 1576 1916 1636 um
1958 1576 2249 1636 sofortigen
2289 1573 2533 1633 Bericht,
2573 1571 2621 1631 ob

671 1688 748 1748 Sie
792 1688 841 1748 an
884 1687 1062 1747 dieser
1105 1684 1368 1744 Bedingung
1418 1679 1745 1739 festhalten.

1558 1777 1602 1837 In
1645 1777 1970 1837 Hochachtung

1284 1882 1452 1942 BASLER
1498 1873 2441 1933 EERSORENSCHIFFARRTSGESELLSCHAFT
