2925 3609
2511 313 2615 373 20

1764 721 1937 781 Basel,
1982 719 2057 779 den
2109 716 2192 776 23.
2230 712 2380 772 April
2418 712 2568 772 1928.

1201 932 1372 992 Basler
1410 917 2444 977 Rheinschiffahrt-Aktiengesellschaft

2133 1015 2416 1075 Basel

2032 1115 2338 1175 —--------

1390 1274 1470 1334 Wir
1517 1273 1621 1333 sind
1660 1272 1709 1332 im
1756 1269 1955 1329 Besitze
2003 1264 2139 1324 Ihres
2179 1261 2418 1321 Geehrten
2457 1259 2537 1319 vom

787 1392 869 1452 28.
904 1387 1047 1447 März,
1059 1383 1142 1443 mit
1178 1381 1261 1441 dem
1297 1377 1379 1437 Sie
1427 1375 1509 1435 uns
1546 1373 1628 1433 den
1664 1370 1878 1430 Entwurf
1913 1367 1996 1427 des
2032 1363 2423 1423 Kaufvertrages
2458 1357 2601 1417 betr.

790 1488 877 1548 das
911 1485 1030 1545 Boot
1074 1479 1456 1539 "Rheinfelden"
1490 1474 1850 1534 übermitteln.
1883 1471 1971 1531 Wir
2014 1468 2113 1528 sind
2156 1466 2212 1526 im
2255 1462 2572 1522 allgemeinen

774 1588 860 1648 mit
903 1586 979 1646 dem
1011 1582 1259 1642 Entwurfe
1291 1577 1679 1637 einverstanden
1724 1573 1799 1633 und
1842 1570 2046 1630 möchten
2091 1568 2176 1628 nur
2219 1565 2296 1625 zur
2338 1561 2608 1621 Präzisie-

786 1687 900 1747 rung
944 1684 1180 1744 folgende
1216 1678 1431 1738 Wünsche
1466 1675 1710 1735 äussern:

1406 1778 1480 1838 Die
1528 1777 1698 1837 beiden
1735 1773 1905 1833 ersten
1943 1768 2150 1828 Artikel
2189 1765 2396 1825 sollten
2433 1763 2547 1823 u.E.

795 1888 873 1948 wie
922 1885 1064 1945 folgt
1107 1882 1312 1942 lauten:

1098 1984 1209 2044 Art.
1243 1982 1303 2042 1:
1338 1980 1415 2040 Die
1459 1973 2008 2033 Personenschiffahrt
2042 1965 2283 2025 verkauft
2318 1964 2361 2024 an
2404 1963 2498 2023 die

792 2087 968 2147 Basler
1009 2083 1083 2143 das
1124 2080 1207 2140 ihr
1248 2077 1518 2137 gehörende
1561 2070 2007 2130 betriebsbereite
2048 2065 2350 2125 Dieselboot
2391 2061 2588 2121 "Rhein-

799 2184 1002 2244 felden"
1041 2181 1089 2241 in
1137 2178 1302 2238 seinem
1350 2174 1728 2234 gegenwärtigen
1766 2167 2008 2227 Zustande
2046 2164 2192 2224 nebst
2230 2162 2309 2222 dem
2347 2160 2424 2220 zum

800 2284 979 2344 Schiff
1020 2279 1314 2339 gehörenden
1357 2274 1620 2334 Inventar,
1651 2270 1736 2330 den
1777 2266 2166 2326 Reserveteilen
2208 2261 2282 2321 und
2334 2259 2618 2319 sämtlichen

806 2382 1190 2442 Gegenständen,
1233 2377 1311 2437 die
1354 2375 1431 2435 zum
1475 2371 1770 2431 Unterhalt,
1814 2368 1891 2428 zur
1924 2364 2231 2424 Reinigung,
2264 2360 2352 2420 zur
2385 2357 2560 2417 Brem-

815 2482 1220 2542 stoffbunkerung
1266 2479 1382 2539 etc.
1416 2475 1682 2535 notwendig
1718 2470 1868 2530 sind,
1903 2467 2077 2527 soweit
2112 2464 2227 2524 sich
2273 2461 2446 2521 solche
2482 2459 2528 2519 am

808 2587 868 2647 5.
899 2585 1041 2645 April
1082 2583 1132 2643 im
1173 2579 1407 2639 Eigentum
1448 2575 1528 2635 der
1569 2567 2108 2627 Personenschiffahrt
2148 2563 2372 2623 befunden
2413 2561 2585 2621 haben,

815 2689 954 2749 sowie
994 2685 1075 2745 die
1114 2680 1504 2740 Landungsstege
1543 2673 1713 2733 Breite
1763 2668 2232 2728 (ausschliesslich
2271 2665 2540 2725 Pontons),

804 2785 1042 2845 Waldhaus
1085 2782 1157 2842 und
1198 2778 1655 2838 Schweizerhalle.
1687 2773 1769 2833 Die
1811 2767 2362 2827 Personenschiffahrt
2392 2760 2507 2820 wird

821 2888 900 2948 für
933 2885 1024 2945 die
1058 2881 1330 2941 sofortige
1364 2878 1590 2938 Ablösung
1636 2875 1715 2935 der
1760 2872 1840 2932 auf
1885 2870 1953 2930 dem
1998 2868 2146 2928 Boote
2190 2862 2575 2922 "Rheinfelden"

809 2989 1077 3049 lastenden
1120 2979 1353 3039 Hypothek
1397 2977 1604 3037 besorgt
1638 2974 1786 3034 sein.

1111 3083 1234 3143 Art.
1266 3082 1328 3142 2:
1358 3080 1442 3140 Der
1483 3078 1742 3138 Kaufpreis
1783 3072 1989 3132 beträgt
2020 3069 2114 3129 Fr.
2144 3066 2444 3126 105.864.65
2485 3061 2630 3121 nebst
