2925 3606
748 605 764 665 5
812 605 828 665 %
876 605 989 665 Zins
1029 604 1135 664 seit
1175 604 1247 664 dem
1296 602 1352 662 1.
1384 601 1530 661 April
1570 599 1715 659 1928.
1747 598 1804 658 Er
1844 597 1933 657 ist
1966 595 2143 655 sofort
2175 595 2223 655 in
2272 595 2353 655 bar
2393 595 2441 655 zu
2482 595 2594 655 ent-

743 704 994 764 richten.

1053 802 1166 862 Art.
1201 800 1218 860 3
1272 800 1447 860 (nau):
1482 799 1560 859 Der
1595 796 1805 856 Antritt
1841 796 1928 856 mit
1963 794 2138 854 Nutzen
2182 792 2270 852 und
2305 790 2480 850 Gefahr
2524 789 2602 849 für

748 908 830 968 die
875 904 1049 964 Basler
1087 900 1289 960 erfolgt
1334 898 1655 958 rückwirkend
1701 897 1784 957 auf
1829 896 1903 956 den
1949 895 2004 955 1.
2040 895 2187 955 April
2224 892 2370 952 1928.

1058 1003 1173 1063 Art.
1216 1002 1232 1062 4
1281 1001 1447 1061 (neu):
1480 1000 1564 1060 Das
1605 997 1904 1057 Kaufobjekt
1938 995 2020 1055 ist
2061 994 2145 1054 von
2186 993 2261 1053 der
2302 992 2476 1052 Basler

756 1104 953 1164 bereits
995 1102 1286 1162 abgenommen
1330 1099 1535 1159 worden.
1578 1097 1929 1157 Irgendwelche
1972 1093 2383 1153 Gewährleistung
2427 1090 2563 1150 wegen

764 1205 1081 1265 allfälliger
1116 1202 1296 1262 Mängel
1339 1201 1416 1261 der
1460 1199 1717 1259 Kaufsache
1760 1198 1872 1258 wird
1914 1196 2001 1256 von
2043 1195 2121 1255 der
2164 1192 2601 1252 Personenschiff-

748 1306 893 1366 fahrt
930 1304 1082 1364 nicht
1126 1301 1460 1361 übernommen.

1062 1403 1178 1463 Art.
1213 1403 1236 1463 3
1272 1403 1387 1463 wird
1424 1402 1540 1462 Art.
1576 1402 1605 1462 5
1641 1402 1757 1462 etc.

1064 1552 1143 1612 Wir
1186 1550 1294 1610 sind
1337 1549 1538 1609 bereit,
1581 1548 1653 1608 den
1696 1547 2026 1607 Kaufvertrag
2063 1546 2149 1606 mit
2191 1545 2264 1605 den
2307 1543 2601 1603 vorerwähn-

759 1655 829 1715 ten
877 1654 1197 1714 Aenderungen
1245 1652 1349 1712 rein
1398 1649 1655 1709 formeller
1697 1647 1843 1707 Natur
1884 1646 1933 1706 zu
1974 1644 2391 1704 unterzeichnen.

1821 1796 1867 1856 In
1912 1793 2240 1853 Hochachtung

1456 1901 1621 1961 Basler
1669 1895 2644 1955 Personenschiffahrtsgesellschaft:
