2925 3607
2439 298 2559 358 23

2082 647 2160 707 25.
2175 648 2323 708 April
2370 641 2488 701 1938

948 877 1115 937 Basler
1162 868 1616 928 Rheinschiffahrt
1645 859 1765 919 A.G.

1699 954 2038 1014 Basel.

815 1125 895 1185 Vir
927 1120 1199 1180 erhielten
1231 1114 1329 1174 Ihr
1360 1109 1601 1169 Seehrtes
1633 1102 1714 1162 vom
1762 1097 1939 1157 23.0t.
1971 1093 2051 1153 und
2082 1089 2259 1149 wurden
2291 1083 2436 1143 heute
2484 1080 2564 1140 te¬

654 1226 953 1286 lephonisch
993 1218 1142 1278 wegen
1183 1213 1263 1273 des
1305 1204 1793 1264 Vertragsentwurfs
1834 1193 2131 1253 angefragt.

812 1322 889 1382 Sie
929 1316 1202 1376 empfangen
1240 1309 1318 1369 nun
1357 1302 1698 1362 beiliegend:

569 1428 587 1488 X
676 1425 729 1485 1)
767 1422 838 1482 den
874 1413 1340 1473 Vertragsentwurf
1376 1403 1520 1463 betr.
1556 1395 1952 1455 "Rheinfolden'
1987 1386 2076 1446 vom
2114 1380 2347 1440 17.April
2401 1373 2507 1433 1928

677 1527 753 1587 a)
774 1523 850 1583 die
888 1510 1466 1570 Betriebswovilligung
1504 1500 1580 1560 von
1620 1492 1966 1552 Basel-Stadt
2004 1485 2080 1545 für
2120 1481 2196 1541 die
2234 1474 2561 1534 Rheinfolden

681 1626 737 1686 3)
774 1623 795 1683 2
832 1615 1097 1675 Schroiben
1135 1608 1230 1668 dos
1267 1598 1835 1658 Polizeinspektorats
1873 1587 2026 1647 Basel
2063 1583 2138 1643 vom
2177 1579 2233 1639 6.
2271 1574 2366 1634 und
2403 1567 2576 1627 26.Kal

770 1720 870 1780 1925
919 1714 1059 1774 betr.
1098 1704 1467 1764 Landungssteg
1506 1695 1676 1755 Breite

687 1823 748 1883 4)
778 1818 981 1878 Vertrag
1026 1812 1104 1872 mit
1135 1806 1352 1866 F.Buess
1383 1797 1598 1857 Sissach
1631 1789 1785 1849 nebst
1815 1780 2263 1840 Vorbehaltscopie

1139 1900 1576 1960 Feldschlösschen
1621 1886 1941 1946 Kheinfelden
1986 1878 2132 1938 nebst
2160 1867 2614 1927 Vorbehaltscopie

681 1923 748 1983 5)

843 2012 955 2072 Eine
992 2003 1556 2063 Fetricbebewilligung
1593 1992 1670 2052 von
1708 1985 1990 2045 Baselland
2027 1975 2197 2035 findet
2235 1970 2346 2030 sich
2384 1965 2442 2025 in
2479 1960 2685 2020 unseron

698 2117 834 2177 Akten
876 2111 1013 2171 nicht
1052 2105 1249 2165 vor.Dem
1289 2093 1745 2153 Unterzeichmeten
1784 2084 1862 2144 ist
1901 2080 1982 2140 nur
2021 2073 2258 2133 bekannt,
2278 2066 2397 2126 dass
2417 2058 2593 2118 Basel¬

692 2219 814 2279 land
855 2212 939 2272 dis
980 2205 1311 2265 Bewilligung
1331 2198 1413 2258 von
1454 2190 1785 2250 Basel-Stadt
1826 2181 1991 2241 bisher
2032 2176 2116 2236 als
2157 2170 2322 2230 gültig
2363 2159 2631 2219 amerkannt

708 2317 809 2377 hat.
829 2311 1033 2371 Nagegen
1074 2304 1217 2364 liegt
1238 2299 1359 2359 eine
1399 2291 1727 2351 Bewilligung
1767 2284 1848 2344 von
1868 2279 2052 2339 Hargau
2093 2267 2501 2327 vor,woiche,auf
2542 2255 2663 2315 ver-

696 2412 964 2472 schiedene
1002 2403 1214 2463 Schiffe
1252 2393 1580 2453 lautend,von
1599 2387 1694 2447 uns
1735 2382 1849 2442 noch
1887 2376 2023 2436 nicht
2061 2367 2329 2427 abgageben
2370 2357 2541 2417 werden

699 2512 939 2572 kann.Wir
979 2505 1100 2565 sind
1140 2499 1301 2559 jadoch
1343 2493 1482 2553 gerne
1524 2487 1724 2547 bereit,
1744 2481 1885 2541 Ihmen
1925 2475 2046 2535 eino
2066 2467 2348 2527 Absshrift
2368 2456 2608 2516 anzufer-

697 2612 875 2672 tigen,
888 2606 1054 2666 sofern
1095 2601 1178 2661 Sie
1218 2596 1369 2656 einer
1396 2589 1603 2649 solchen
1644 2579 1918 2639 bedürfen.

861 2706 915 2766 Ee
950 2702 1057 2762 wäre
1113 2698 1185 2758 uns
1220 2694 1347 2754 sehr
1383 2685 1760 2745 angenehm,wenn
1796 2676 1887 2736 der
1923 2665 2371 2725 Vorkaufsvertrag
2409 2655 2516 2715 noch
2570 2650 2623 2710 im

714 2809 863 2869 Laure
900 2802 1086 2862 dieser
1122 2795 1271 2855 Woche
1290 2787 1586 2847 beidseitig
1625 2773 2051 2833 unterschrieben
2088 2762 2255 2822 werden
2292 2754 2496 2814 Könnte.

872 2901 943 2961 Den
979 2897 1194 2957 Empfang
1229 2890 1409 2950 dieses
1445 2882 1642 2942 Friefes
1678 2876 1820 2936 nebst
1858 2871 1947 2931 der
1982 2866 2126 2926 darin
2162 2859 2377 2919 einzein
2413 2851 2573 2911 aufge-

718 3007 918 3067 führten
964 2998 1195 3058 Beilagen
1226 2990 1458 3050 belieben
1504 2983 1580 3043 Sie
1626 2978 1704 3038 uns
1750 2975 1796 3035 zu
1828 2967 2166 3027 bestätigen.

1612 3069 2103 3129 Hochachtungsvoll

2336 3116 2382 3176 afi

1576 3150 1667 3210 er
1691 3133 2234 3193 eogee.

1787 3196 1854 3256 Der
1867 3189 2122 3249 Geschätefchrer
