2009 2883
1653 216 1756 276 37

1119 309 1196 369 den
1242 310 1332 370 24.
1371 311 1462 371 Mai

1643 314 1696 374 8.

936 457 1079 517 Herrn
1120 461 1278 521 Dr.R.
1293 460 1477 520 Speich

782 562 1049 622 Präsident
1089 560 1169 620 der
1214 560 1384 620 Basler
1430 560 1606 620 Rhein-

944 610 1244 670 schiffahrt
1286 613 1435 673 A,-G.

1058 712 1296 772 Schweiz.
1310 712 1608 772 Bankverein

1390 820 1591 880 Base
1639 815 1667 875 l

304 962 411 1022 Sehr
454 965 688 1025 geehrter
731 964 844 1024 Herr
888 964 970 1024 Dr.
989 966 1190 1026 Speich.

932 1064 1064 1124 Unter
1112 1064 1410 1124 Bezugnahme
1452 1063 1536 1123 auf
1578 1061 1661 1121 un-

307 1162 415 1222 sere
454 1162 653 1222 heutige
699 1162 1085 1222 telephonische
1125 1162 1448 1222 Besprechung
1494 1162 1659 1222 beehre

306 1264 378 1324 ich
420 1264 566 1324 mich,
609 1264 743 1324 Ihnen
785 1264 1083 1324 mitfolgend
1125 1264 1199 1324 den
1247 1264 1289 1324 in
1338 1264 1478 1324 Frage

301 1363 558 1423 stehenden
597 1363 743 1423 Brief
783 1363 862 1423 der
908 1363 1079 1423 Basler
1119 1363 1567 1423 Rheinschiffahrt
1608 1365 1752 1425 A.-G.

300 1468 472 1528 d.d.3,
512 1467 598 1527 Mai
637 1466 684 1526 in
729 1465 994 1525 Abschrift
1034 1465 1087 1525 zu
1133 1465 1490 1525 übermitteln.

691 1566 772 1626 Ich
815 1566 928 1626 habe
972 1567 1108 1627 heute
1153 1568 1227 1628 den
1277 1568 1321 1628 in
1364 1567 1446 1627 den
1489 1564 1664 1624 Rhein-

297 1666 494 1726 quellen
544 1664 893 1724 erschienenen
943 1666 1140 1726 Artikel
1185 1666 1267 1726 des
1305 1666 1444 1726 Herrn
1489 1662 1596 1722 Jean

303 1765 506 1825 Richard
544 1766 652 1826 Frey
696 1766 810 1826 über
855 1768 1171 1828 Aenderungen
1216 1768 1299 1828 der
1343 1766 1602 1826 Personen-

310 1867 602 1927 schiffahrt
641 1868 1147 1928 Basel-Rheinfelden
1193 1868 1426 1928 nochmals
1471 1868 1672 1928 gelesen

307 1971 383 2031 und
424 1972 535 2032 gebe
577 1972 664 2032 zu,
699 1972 817 2032 dass
858 1972 905 2032 es
951 1972 1121 2032 besser
1163 1972 1362 2032 gewesen
1409 1972 1555 2032 wäre,
1597 1972 1673 2032 die

301 2072 444 2132 ganze
488 2071 874 2131 Angelegenheit
912 2071 1061 2131 nicht
1099 2071 1211 2131 mehr
1254 2069 1641 2129 publizistisch

300 2173 342 2233 zu
391 2171 690 2231 behandeln.
726 2171 806 2231 Ich
848 2173 964 2233 gebe
1000 2173 1110 2233 auch
1160 2173 1238 2233 zu,
1250 2172 1360 2232 dass
1403 2169 1482 2229 die
1525 2166 1635 2226 Aus-

302 2270 566 2330 führungen
613 2273 692 2333 des
733 2273 871 2333 Herrn
918 2273 1024 2333 Frey
1071 2273 1117 2333 in
1163 2273 1243 2333 der
1282 2272 1395 2332 Form
1441 2272 1587 2332 nicht

308 2375 573 2435 durchwegs
612 2375 877 2435 glücklich
924 2375 1063 2435 sind.
1110 2374 1189 2434 Auf
1228 2374 1302 2434 den
1348 2372 1672 2432 materiellen

302 2477 470 2537 Inhalt
512 2480 680 2540 möchte
721 2480 806 2540 ich
848 2479 1079 2539 deswegen
1120 2477 1267 2537 nicht
1310 2478 1610 2538 eintreten,
