1983 2948
444 395 555 455 weil
588 400 711 460 ich,
744 403 823 463 wie
867 405 946 465 ich
990 409 1136 469 Ihnen
1169 412 1314 472 schon
1347 417 1594 477 mündlich
1627 422 1805 482 ausge-

432 494 581 554 führt
615 500 764 560 habe,
797 505 882 565 auf
926 508 1012 568 die
1044 512 1378 572 Bezishungen
1420 518 1624 578 unserer
1668 521 1742 581 Ge-

432 598 719 658 sellschaft
763 604 807 664 zu
852 606 929 666 der
973 609 1150 669 Basler
1183 615 1637 675 Rheinschiffahrt
1680 624 1825 684 A.-G.

433 695 612 755 lieber
648 701 790 761 nicht
827 705 946 765 mehr
981 711 1340 771 zurückkommen
1387 718 1602 778 möchte,
1638 725 1816 785 sonder

426 800 636 860 glaube,
665 803 785 863 dass
825 807 964 867 durch
1004 810 1084 870 den
1123 814 1333 874 Verkauf
1373 818 1463 878 des
1503 822 1732 882 Schiffes

456 897 817 957 Kheinfelden"
863 904 934 964 und
980 909 1177 969 unserer
1224 917 1609 977 Landungsstege
1643 922 1795 982 diese

418 998 739 1058 Beziehungen
780 1006 989 1066 nunmehr
1020 1010 1072 1070 zu
1123 1014 1259 1074 einem
1300 1019 1622 1079 endgiltigen
1664 1022 1746 1082 Ab-

427 1099 629 1159 schluss
660 1105 873 1165 gelangt
915 1110 1054 1170 sind,
1096 1114 1182 1174 der
1214 1117 1298 1177 uns
1340 1121 1575 1181 erlaubt,
1607 1125 1691 1185 das

409 1199 712 1259 Vergangene
745 1205 798 1265 zu
832 1211 1146 1271 vergessen.
1178 1216 1265 1276 Ich
1297 1219 1600 1279 beschränke
1632 1224 1752 1284 mich

406 1298 551 1358 daher
584 1305 798 1365 darauf,
833 1309 889 1369 zu
922 1313 1260 1373 widerholen,
1294 1318 1406 1378 dass
1441 1321 1530 1381 der
1564 1325 1800 1385 Vorstand

411 1400 615 1460 unserer
659 1408 1021 1468 Gesellschaft
1056 1413 1101 1473 im
1145 1416 1293 1476 Jahre
1327 1419 1440 1479 1926
1485 1424 1666 1484 bereit
1700 1429 1813 1489 gewe

408 1502 554 1562 wäre,
595 1504 648 1564 zu
689 1507 824 1567 einer
867 1513 1253 1573 Verständigung
1295 1520 1347 1580 in
1390 1523 1535 1583 Bezug
1577 1527 1660 1587 auf
1703 1529 1775 1589 die

405 1602 704 1662 Fahrpreise
750 1609 831 1669 und
865 1612 945 1672 den
980 1616 1221 1676 Fahrplan
1266 1621 1370 1681 Hand
1416 1622 1463 1682 zu
1497 1627 1715 1687 bieten.

402 1702 516 1762 dass
554 1706 668 1766 aber
706 1709 820 1769 eine
859 1714 1087 1774 Einigung
1125 1720 1277 1780 wegen
1316 1723 1400 1783 der
1439 1725 1638 1785 starken
1686 1726 1761 1786 Ab-

407 1803 629 1863 weichung
670 1807 751 1867 der
792 1813 1208 1873 beiderseitigen
1258 1820 1583 1880 Standpunkte
1623 1826 1765 1886 nicht

405 1899 485 1959 hat
525 1904 727 1964 erzielt
757 1910 939 1970 werden
981 1915 1183 1975 können.
1223 1920 1395 1980 Sodann
1435 1924 1697 1984 bestätige

397 2001 474 2061 ich
523 2006 700 2066 Ihnen,
728 2010 845 2070 dass
885 2013 962 2073 ich
1002 2015 1090 2075 mit
1129 2018 1265 2078 Herrn
1305 2021 1422 2081 Frey
1461 2024 1637 2084 ausser
1676 2026 1725 2086 in

397 2099 477 2159 den
517 2108 1051 2168 Vorstandssitzungen
1091 2116 1172 2176 und
1213 2118 1293 2178 der
1333 2123 1786 2183 Generalversamm-

387 2200 496 2260 lung
541 2206 749 2266 unserer
783 2213 1144 2273 Gesellschaft
1176 2220 1331 2280 nicht
1364 2226 1692 2286 zusammenge-

386 2300 557 2360 kommon
602 2307 682 2367 bin
728 2310 808 2370 und
853 2313 957 2373 dass
1002 2316 1082 2376 ich
1128 2320 1265 2380 daher
1310 2324 1447 2384 Herrn
1493 2330 1606 2390 Frey

387 2402 471 2462 nie
514 2407 631 2467 eine
663 2413 960 2473 unrichtige
1003 2421 1246 2481 Auskunft
1290 2425 1396 2485 über
1438 2429 1608 2489 unsere
