2919 3608
1819 757 1995 817 Basel,
2035 755 2109 815 den
2156 754 2237 814 24.
2277 752 2358 812 Mai
2399 753 2546 813 1928.

1131 910 1284 970 Herrn

1462 1005 1700 1065 Direktor
1739 1004 1912 1064 Werner
1958 1001 2286 1061 Stauffacher

1369 1108 1630 1168 Präsident
1672 1105 1757 1165 des
1799 1103 2004 1163 Vereins
2046 1100 2123 1160 für
2166 1099 2250 1159 die
2293 1099 2589 1159 Schiffahrt

1722 1157 1802 1217 auf
1850 1155 1930 1215 dem
1978 1150 2247 1210 Oberrhein

2118 1255 2398 1315 Basel

812 1410 921 1470 Sehr
965 1411 1208 1471 geehrter
1260 1412 1406 1472 Herr.

1679 1504 1754 1564 Ich
1797 1504 1903 1564 sehe
1947 1502 2060 1562 mich
2104 1499 2434 1559 veranlasst,
2447 1498 2578 1558 Ihnen

823 1610 1119 1670 mitfolgend
1155 1609 1205 1669 in
1256 1608 1515 1668 Abschrift
1559 1606 1696 1666 einen
1739 1604 1818 1664 mir
1862 1601 2215 1661 zugegangenen
2259 1598 2403 1658 Brief
2440 1597 2519 1657 der

830 1709 1000 1769 Basler
1035 1708 1489 1768 Rheinschiffahrt
1524 1706 1674 1766 A.-G.
1709 1705 1858 1765 nebst
1894 1703 2071 1763 meiner
2114 1702 2313 1762 Antwort
2355 1700 2433 1760 zur
2476 1699 2617 1759 gefl.

832 1808 1218 1868 Kenntnisnahme
1259 1804 1307 1864 zu
1356 1804 1707 1864 übermitteln.

1374 1903 1484 1963 Herr
1515 1906 1602 1966 Dr.
1610 1906 1807 1966 Spich,
1830 1906 1941 1966 Präs
1980 1903 2090 1963 dent
2129 1900 2217 1960 der
2256 1897 2429 1957 Basler
2468 1895 2641 1955 Rhein-

828 2010 1119 2070 schiffahrt
1162 2011 1336 2071 A.-G.,
1380 2009 1460 2069 bei
1503 2008 1576 2068 dem
1620 2006 1700 2066 ich
1743 2005 1860 2065 mich
1903 2002 2012 2062 über
2049 2002 2129 2062 den
2172 2000 2318 2060 Brief
2361 1999 2441 2059 der
2477 1999 2659 2059 Basler

835 2107 1282 2167 Rheinschiffahrt
1323 2108 1469 2168 A.-G.
1509 2107 1770 2167 beschwert
1810 2104 1957 2164 habe,
1990 2102 2077 2162 ist
2117 2099 2344 2159 offenbar
2392 2097 2465 2157 von

829 2209 961 2269 Herrn
1006 2210 1278 2270 Groschupf
1315 2209 1424 2269 sehr
1469 2207 1726 2267 einseitig
1778 2204 1888 2264 über
1925 2203 2006 2263 die
2051 2200 2404 2260 Verhältnisse
2448 2198 2617 2258 orien-

839 2311 972 2371 tiert
1013 2312 1180 2372 worden
1229 2311 1305 2371 und
1354 2310 1431 2370 hat
1472 2309 1549 2369 mir
1591 2307 1835 2367 erklårt,
1869 2305 1919 2365 er
1960 2303 2099 2363 werde
2141 2302 2288 2362 dafür
2329 2302 2531 2362 Sorgen.

843 2413 956 2473 dass
996 2411 1077 2471 der
1117 2408 1536 2468 Schweizerische
1568 2405 1868 2465 Bankverein
1908 2401 2199 2461 inskünftig
2247 2399 2320 2459 dem
2360 2396 2529 2456 Verein

843 2512 918 2572 für
956 2512 1031 2572 die
1077 2511 1372 2571 Schiffahrt
1417 2509 1493 2569 auf
1530 2509 1606 2569 dem
1659 2506 1916 2566 Oberrhein
1961 2502 2226 2562 keinerlei
2263 2500 2641 2560 Unterstützung

837 2614 954 2674 mehr
993 2614 1165 2674 leihe.
1182 2612 1377 2672 Glauben
1416 2611 1502 2671 Sie
1533 2609 1721 2669 nicht,
1753 2606 1863 2666 dass
1909 2605 1949 2665 im
1996 2602 2262 2662 Interesse
2302 2600 2388 2660 des
2427 2599 2630 2659 Vereins

842 2712 919 2772 für
957 2711 1034 2771 die
1073 2709 1373 2769 Schiffahrt
1419 2707 1497 2767 auf
1535 2707 1612 2767 dem
1658 2705 1920 2765 Oberrhein
1959 2704 2043 2764 der
2081 2699 2498 2759 Schweizerische

845 2812 1133 2872 Bankverein
1181 2810 1290 2870 über
1336 2809 1407 2869 die
1454 2807 1720 2867 wirkliche
1759 2805 2017 2865 Situation
2063 2801 2353 2861 aufgeklärt
2392 2800 2564 2860 werden

838 2912 1033 2972 sollte?
1077 2911 1129 2971 Es
1166 2911 1376 2971 handelt
1413 2909 1525 2969 sich
1562 2908 1675 2968 hier
1720 2905 1831 2965 eben
1869 2904 2040 2964 wieder
2086 2902 2130 2962 um
2182 2902 2287 2962 eine
2332 2900 2414 2960 der
2451 2900 2623 2960 vielen

850 3014 1082 3074 Firaden,
1127 3013 1202 3073 die
1247 3011 1330 3071 wir
1367 3010 1450 3070 bei
1495 3008 1630 3068 Herrn
1675 3005 1945 3065 Groschupf
1982 3002 2184 3062 gewohnt
2229 3002 2371 3062 sind.

1392 3109 1470 3169 Ich
1505 3109 1619 3169 lege
1662 3107 1797 3167 Ihnen
1840 3106 1890 3166 zu
1940 3104 2075 3164 Ihrer
2118 3101 2473 3161 Orientierung
2517 3101 2630 3161 auch
