2920 3610
342 329 436 389 Dr.
454 328 605 388 RUD.
632 329 840 389 SPEICH

1556 370 1699 430 Basel,
1720 367 1781 427 den
1871 362 2042 422 26.Mai
2083 363 2385 423 1928.SP/EP

507 393 671 453 BASEL

1545 418 1820 478 Schützenmattstrasse
1840 416 1868 476 75

609 713 750 773 Herrn
801 713 977 773 Dr.Max
1028 713 1244 773 Vischer

704 814 783 874 St.
794 815 1141 875 Albangraben
1192 814 1215 874 8

1541 815 1735 875 BASEL.

616 965 725 1025 Sehr
767 966 1001 1026 geehrter
1043 964 1157 1024 Herr
1199 964 1282 1024 Dr.
1288 966 1526 1026 Vischer,

1527 1066 1597 1126 Ich
1642 1064 1844 1124 bekenne
1889 1065 2000 1125 mich
2045 1066 2120 1126 zum
2166 1066 2373 1126 Empfang
2423 1066 2564 1126 Ihrer

618 1166 840 1226 geehrten
886 1165 1149 1225 Zuschrift
1195 1165 1266 1225 vom
1317 1164 1519 1224 24.ds.,
1529 1163 1611 1223 mit
1651 1163 1733 1223 der
1773 1163 1849 1223 Sie
1895 1163 2001 1223 mich
2047 1165 2128 1225 auf
2168 1165 2244 1225 den
2290 1165 2371 1225 mir
2417 1165 2523 1225 sehr

626 1264 999 1324 unerwünschten
1042 1264 1396 1324 Briefwechsel
1439 1264 1664 1324 zwischen
1712 1264 1851 1324 Ihnen
1899 1264 1971 1324 und
2018 1264 2095 1324 der
2133 1264 2305 1324 Basler
2349 1264 2521 1324 Rhein-

618 1366 906 1426 schiffahrt
947 1366 1063 1426 A.G.
1099 1366 1387 1426 aufmerksam
1433 1364 1605 1424 machen
1655 1364 1726 1424 und
1772 1364 1883 1424 Ihre
1924 1364 2217 1424 mündlichen
2258 1366 2582 1426 Erklärungen

618 1468 976 1528 wiederholen,
1016 1468 1183 1528 wonach
1228 1468 1304 1528 Sie
1345 1468 1420 1528 dem
1471 1467 1516 1527 in
1556 1466 1637 1526 den
1688 1466 2097 1526 "Rheinquellen"
2143 1466 2491 1526 erschienenen

608 1570 806 1630 Artikel
849 1568 929 1628 des
972 1568 1111 1628 Herrn
1154 1568 1390 1628 J.R.Frey
1433 1570 1759 1630 vollständig
1803 1570 1910 1630 fern
1958 1568 2161 1628 stehen.

920 1669 995 1729 Der
1041 1669 1116 1729 von
1157 1670 1238 1730 mir
1288 1670 1359 1730 und
1405 1672 1480 1732 von
1525 1672 1602 1732 den
1647 1672 1844 1732 übrigen
1889 1670 2061 1730 Herren
2107 1670 2182 1730 der
2223 1670 2399 1730 Basler
2440 1670 2607 1730 Rhein-

619 1769 907 1829 schiffahrt
945 1769 1060 1829 A.G.
1103 1769 1453 1829 beanstandete
1496 1769 1698 1829 Artikel
1741 1768 1971 1828 enthielt
2014 1768 2369 1828 verschiedene
2412 1769 2489 1829 An-

615 1871 786 1931 gaben,
822 1871 900 1931 die
942 1871 1025 1931 nur
1066 1870 1144 1930 der
1186 1870 1388 1930 Leitung
1436 1870 1513 1930 der
1555 1871 2552 1931 Personenschiffahrtsgenossenschaft

619 1970 820 2030 bekannt
863 1971 968 2031 sein
1011 1972 1212 2032 können.
1255 1972 1332 2032 Aus
1375 1970 1543 2030 diesem
1586 1970 1758 2030 Grunde
1801 1970 1883 2030 hat
1926 1970 2031 2030 sich
2079 1970 2156 2030 bei
2194 1970 2275 2030 uns
2318 1970 2395 2030 die
2443 1972 2605 2032 Ueber-

608 2072 801 2132 zeugung
847 2072 1209 2132 aufgedrängt,
1250 2072 1357 2132 dass
1402 2072 1479 2132 die
1520 2072 1724 2132 Leitung
1770 2074 1851 2134 der
1892 2074 2493 2134 Personenschiffahrts-

618 2171 1035 2231 genossenschaft
1075 2171 1147 2231 dem
1193 2170 1462 2230 Redakteur
1503 2170 1585 2230 der
1635 2171 2047 2231 "Rheinquellen"
2089 2171 2170 2231 das
2210 2173 2445 2233 Material
2490 2175 2567 2235 für

612 2270 685 2330 den
732 2270 993 2330 bekannten
1035 2272 1243 2332 Artikel
1285 2272 1364 2332 zur
1405 2272 1666 2332 Verfügung
1713 2273 1948 2333 gestellt
1990 2272 2099 2332 hat.

911 2372 989 2432 Mit
1031 2371 1234 2431 grosser
1276 2372 1631 2432 Befriedigung
1678 2374 1908 2434 entnehme
1955 2375 2033 2435 ich
2075 2375 2158 2435 aus
2200 2374 2341 2434 Ihren
2383 2374 2492 2434 Mit-

612 2471 908 2531 teilungen,
948 2473 1056 2533 dass
1100 2473 1208 2533 dies
1253 2474 1396 2534 nicht
1436 2474 1514 2534 der
1558 2474 1667 2534 Fall
1706 2474 1825 2534 war,
1864 2474 2061 2534 sondern
2106 2474 2214 2534 Herr
2259 2474 2367 2534 Frey
2417 2474 2549 2534 seine

615 2573 811 2633 Angaben
853 2573 936 2633 auf
978 2573 1299 2633 persönliche
1351 2573 1423 2633 und
1465 2573 1667 2633 direkte
1709 2574 2093 2634 Beobachtungen
2140 2575 2212 2635 und
2259 2576 2642 2636 Wahrnehmungen

620 2671 816 2731 stützen
862 2672 1063 2732 musste.
1110 2674 1151 2734 In
1198 2674 1363 2734 diesem
1409 2674 1549 2734 Falle
1590 2674 1729 2734 haben
1771 2674 1848 2734 wir
1894 2674 2426 2734 selbstverständlich
2472 2675 2637 2735 keinen

616 2773 784 2833 Grund,
824 2774 962 2834 Ihnen
1012 2774 1115 2834 oder
1160 2774 1294 2834 einem
1343 2775 1511 2835 andern
1555 2776 1694 2836 Herrn
1743 2776 1823 2836 der
1862 2776 2065 2836 Leitung
2109 2776 2189 2836 der
2228 2776 2495 2836 Personen-

611 2873 1361 2933 schiffahrtsgenossenschaft
1403 2876 1791 2936 diesbezüglich
1833 2878 1980 2938 etwas
2017 2878 2410 2938 nachzutragen,
2453 2879 2651 2939 sondern

618 2975 908 3035 betrachten
955 2977 1032 3037 als
1074 2978 1307 3038 einzigen
1349 2978 1821 3038 verantwortlichen
1868 2980 2158 3040 Redaktoren
2205 2980 2345 3040 Herrn
2386 2981 2526 3041 Frey.

2494 260 2521 320 3
