1967 2882
1164 337 1240 397 den
1282 341 1372 401 30.
1407 337 1490 397 Mai
1657 338 1719 398 8.

866 483 1014 543 Herrn

986 590 1220 650 Direktor
1260 589 1318 649 W.
1332 587 1651 647 Stauffacher

838 687 1100 747 Präsident
1140 689 1220 749 des
1266 687 1466 747 Vereins
1505 686 1586 746 für
1631 687 1711 747 die

740 741 1036 801 Schiffahrt
1077 740 1158 800 auf
1199 739 1274 799 dem
1327 737 1588 797 Oberrhein

1286 840 1554 900 Basel

1230 941 1630 1001 Kluserstrasse
1677 939 1726 999 25

267 1045 373 1105 Sehr
408 1045 655 1105 geehrter
698 1047 846 1107 Herr,

899 1141 1064 1201 Besten
1113 1142 1223 1202 Dank
1266 1142 1346 1202 für
1389 1142 1468 1202 Ihr
1512 1140 1713 1200 Schrei-

258 1246 334 1306 ben
380 1246 455 1306 vom
502 1246 682 1306 29.ds.
717 1245 868 1305 nebst
909 1244 1182 1304 Beilagen.

624 1343 698 1403 Von
747 1343 883 1403 Ihren
927 1342 1292 1402 Mitteilungen
1335 1341 1638 1401 betreffend

268 1444 342 1504 den
391 1445 591 1505 Artikel
634 1445 715 1505 des
758 1445 895 1505 Herrn
938 1444 1044 1504 Frey
1094 1443 1205 1503 habe
1249 1442 1323 1502 ich
1367 1442 1448 1502 mit
1491 1442 1752 1502 Interesse

263 1541 491 1601 Kenntnis
533 1546 803 1606 genommen.
844 1545 922 1605 Ich
964 1544 1138 1604 stelle
1180 1543 1264 1603 mit
1305 1543 1659 1603 Befriedigung

266 1646 404 1706 fest,
447 1647 554 1707 dass
597 1647 679 1707 wir
724 1647 767 1707 in
811 1646 956 1706 Bezug
999 1645 1081 1705 auf
1124 1644 1206 1704 die
1250 1641 1638 1701 Stellungnahme

263 1746 519 1806 gegenüber
567 1747 645 1807 der
686 1746 859 1806 Basler
901 1742 1652 1802 Rheinschiffahrt-Aktienge-

273 1847 563 1907 sellschaft
605 1846 839 1906 gleicher
882 1844 1086 1904 Meinung
1134 1845 1279 1905 sind.

631 1945 698 2005 Ich
744 1947 979 2007 gestatte
1018 1945 1106 2005 mir
1152 1943 1293 2003 Ihnen
1332 1942 1633 2002 mitfolgend

272 2048 347 2108 die
385 2049 467 2109 mir
510 2049 711 2109 gestern
762 2047 1088 2107 zugegangene
1132 2044 1339 2104 Antwort
1377 2043 1458 2103 des
1502 2042 1640 2102 Herrn

269 2149 352 2209 Dr.
364 2150 530 2210 Speich
572 2150 619 2210 in
666 2149 927 2209 Abschrift
970 2147 1017 2207 zu
1058 2146 1414 2206 übermitteln.
1456 2146 1533 2206 Ich
1575 2146 1782 2206 glaube,

271 2253 372 2313 dass
415 2252 528 2312 ich,
540 2252 622 2312 was
660 2251 773 2311 mich
816 2250 1149 2310 anbetrifft,
1193 2248 1331 2308 durch
1375 2247 1550 2307 dieses

274 2351 528 2411 Schreiben
570 2351 649 2411 die
698 2351 1080 2411 Angelegenheit
1116 2350 1201 2410 als
1243 2349 1480 2409 erledigt
1516 2348 1747 2408 betrach-

270 2453 337 2513 ten
385 2454 526 2514 kann,
570 2454 679 2514 wenn
723 2454 802 2514 ich
845 2454 961 2514 auch
998 2453 1114 2513 m.E.
1157 2452 1451 2512 berechtigt
1494 2452 1610 2512 war,
1647 2452 1726 2512 von
