2921 3607
579 761 653 821 0/6

1668 618 1842 678 Basel,
1887 623 1966 683 den
2010 623 2090 683 27.
2127 623 2214 683 Mai
2250 623 2395 683 1929.

1099 910 1248 970 Herrn
1290 913 1343 973 F.
1376 916 2134 976 Lützelschwab,

1580 1015 1641 1075 z.
1679 1015 1860 1075 Adler.

1576 1120 2272 1180 Kaiseraugst.

1696 1155 1792 1215 sra¬

1924 1162 2271 1222 szzsssssszz.

771 1356 884 1416 Sehr
924 1361 1164 1421 geehrter
1197 1363 1309 1423 Herr
1356 1366 1373 1426 !

1396 1508 1537 1568 Wegen
1580 1511 1907 1571 Abwesenheit
1949 1514 2091 1574 komme
2133 1516 2212 1576 ich
2254 1517 2367 1577 erst

768 1613 915 1673 heute
955 1613 1032 1673 zur
1071 1613 1430 1673 Beantwortung
1468 1613 1609 1673 Ihres
1648 1615 1850 1675 Briefes
1890 1615 1968 1675 vom
2014 1616 2093 1676 22.
2131 1618 2217 1678 Mai
2256 1619 2396 1679 1929.

1405 1711 1446 1771 Im
1494 1712 1764 1772 Protokoll
1797 1712 1879 1772 des
1926 1714 2224 1774 Vorstandes
2265 1717 2339 1777 vom

771 1813 846 1873 24.
884 1813 997 1873 März
1043 1813 1149 1873 1928
1194 1814 1368 1874 findet
1406 1814 1511 1874 sich
1557 1816 1822 1876 folgender
1859 1817 2033 1877 Passus
2071 1816 2093 1876 :

956 1913 1276 1973 Kaufofferte
1311 1913 1401 1973 der
1436 1915 1606 1975 Basler
1650 1916 2095 1976 Rheinschiffahrt
2131 1920 2300 1980 A.-G.-

767 2021 840 2081 Der
883 2020 1154 2080 Präsident
1196 2024 1492 2084 :........

823 2069 967 2129 Diese
1013 2071 1210 2131 Offerte
1255 2073 1340 2133 ist
1374 2074 1458 2134 auf
1498 2074 1668 2134 unsern
1707 2074 1878 2134 Wunsch
1924 2075 2094 2135 sofort
2134 2077 2461 2137 schriftlich

773 2122 1033 2182 bestätigt
1064 2122 1269 2182 worden,
1312 2122 1566 2182 ausserdem
1615 2123 1821 2183 enthält
1857 2124 1937 2184 sie
1979 2125 2057 2185 die
2100 2127 2482 2187 Verpflichtung

765 2170 841 2230 zur
878 2173 1385 2233 Aufrechterhaltung
1429 2173 1511 2233 der
1549 2173 1847 2233 Schiffahrt
1884 2174 1928 2234 im
1979 2174 2118 2234 Jahre
2162 2176 2302 2236 1927.

1401 2222 1481 2282 Auf
1521 2221 1692 2281 Wunsch
1732 2222 1811 2282 des
1852 2222 1994 2282 Herrn
2040 2224 2302 2284 Rupprecht
2342 2224 2450 2284 wird

773 2272 844 2332 als
885 2273 1241 2333 diesseitiger
1282 2275 1578 2335 Kontrahent
1613 2275 1696 2335 für
1738 2275 1815 2335 die
1856 2276 2359 2336 Aufrechterhaltung
2406 2276 2483 2336 des

767 2323 1027 2383 Betriebes
1069 2324 1571 2384 Basel-Rheinfelden
1620 2326 1699 2386 der
1735 2326 1898 2386 Kur-àp;
1923 2327 2328 2387 Verkehrsverein
2376 2327 2546 2387 Rhein-

766 2372 933 2432 felden
979 2374 1309 2434 bezeichnet.

1403 2473 1479 2533 Der
1517 2473 1663 2533 Brief
1701 2474 1786 2534 der
1824 2474 2001 2534 Basler
2040 2476 2485 2536 Rheinschiffahrt

768 2574 812 2634 an
857 2573 932 2633 den
976 2573 1088 2633 Kur-
1125 2573 1177 2633 &
1200 2573 1602 2633 Verkehrsverein
1647 2575 1968 2635 Rheinfelden
2012 2578 2087 2638 vom
2132 2578 2191 2638 2.
2221 2579 2362 2639 April
2408 2581 2519 2641 1928

772 2674 976 2734 spricht
1010 2674 1119 2734 sich
1160 2675 1242 2735 auf
1283 2675 1426 2735 Seite
1466 2675 1521 2735 2,
1555 2675 1609 2735 2.
1644 2676 1821 2736 Absatz
1855 2677 1937 2737 wie
1984 2678 2127 2738 folgt
2168 2680 2311 2740 aus:

766 2762 781 2822 "
811 2766 901 2826 Wir
945 2772 1177 2832 erklären
1221 2776 1296 2836 uns
1340 2777 1541 2837 hiermit
1587 2779 1788 2839 bereit,
1825 2779 1907 2839 mit
1944 2779 2027 2839 dem
2071 2779 2154 2839 uns
2198 2780 2273 2840 zur
2310 2781 2481 2841 Verfü-

771 2824 875 2884 gung
916 2824 1172 2884 stehenden
1218 2825 1544 2885 Schiffskurs
1591 2827 1811 2887 zwischen
1858 2827 1998 2887 Basel
2044 2828 2120 2888 und
2160 2830 2485 2890 Rheinfelden

762 2872 1051 2932 mindestens
1097 2872 1142 2932 in
1188 2873 1256 2933 dem
1307 2873 1597 2933 bisherigen
1642 2875 1716 2935 von
1762 2875 1841 2935 der
1881 2876 2057 2936 Basler
2102 2878 2511 2938 Personenschiff

770 2923 1306 2983 fahrtsgesellschaft
1343 2924 1753 2984 durchgeführten
1797 2926 1936 2986 Masse
1980 2927 2213 2987 aufrecht
2257 2930 2301 2990 zu
2345 2932 2515 2992 erhal-

772 2975 906 3035 ten.-
952 2977 1279 3037 ...........

2424 272 2518 332 16
