2844 3798
961 517 1036 577 Wir
1078 517 1244 577 hatten
1292 517 1372 577 uns
1415 517 1553 577 diese
1596 518 2044 578 Wiederzuführung
2092 517 2135 577 so
2178 517 2258 577 vor
2300 515 2316 575 =

651 598 948 658 gestellt,
991 596 1102 656 dass
1145 596 1224 656 uns
1262 596 1341 656 die
1384 596 2319 656 Personenschiffahrtsgesellschaft
2361 595 2441 655 die

649 677 755 737 noch
803 677 1121 737 verfügbaren
1169 676 1248 736 Frs
1291 676 1519 736 33.000.-
1561 677 1641 737 als
1684 676 2187 736 festverzinsliches
2230 676 2309 736 Dar
2352 674 2367 734 =

665 757 788 817 lehen
841 756 882 816 zu
923 755 1032 815 noch
1084 755 1130 815 zu
1172 755 1580 815 vereinbarenden
1627 755 1943 815 Bedingungen
1994 755 2072 815 für
2114 755 2186 815 den
2233 754 2310 814 Bau

658 835 736 895 des
777 836 1037 896 erwähnten
1083 836 1281 896 zweiten
1328 835 1801 895 Personenschiffes
1847 835 1920 895 zur
1967 835 2226 895 Verfügung
2273 835 2444 895 stellt

657 913 849 973 Dadurch
900 913 1092 973 setzten
1144 913 1219 973 sie
1260 913 1341 973 uns
1382 914 1427 974 in
1473 914 1554 974 die
1595 914 1706 974 Lage
1747 914 1914 974 diesen
1960 913 2133 973 Neubau
2178 913 2285 973 ohne

667 992 827 1052 eigene
870 992 1047 1052 Mittel
1089 992 1223 1052 durch
1271 992 1501 1052 zuführen
1549 992 1565 1052 -
1608 992 1688 1052 für
1731 992 1806 1052 den
1849 992 1966 1052 Rest
2004 991 2084 1051 der
2127 991 2357 1051 Bausumme

660 1070 735 1130 ist
775 1070 856 1130 uns
902 1070 1008 1130 eine
1048 1070 1280 1130 Hypothek
1326 1070 1710 1130 zugesichert.
1750 1070 1887 1130 Durch
1932 1070 2104 1130 unsere
2145 1070 2281 1130 guten
2326 1070 2402 1130 Be-

660 1150 913 1210 ziehungen
959 1150 1042 1210 ist
1083 1150 1130 1210 es
1172 1150 1254 1210 uns
1296 1150 1523 1210 gelungen
1570 1150 1648 1210 bei
1689 1150 1828 1210 einer
1870 1150 2066 1210 grossen
2113 1150 2258 1210 Werft
2299 1150 2371 1210 ein

666 1229 1038 1289 ausnahmsweise
1084 1229 1310 1289 billiges
1355 1229 1768 1289 Schiffsangebot
1809 1229 1854 1289 zu
1900 1229 2191 1289 erhalten,
2237 1229 2282 1289 so

658 1306 761 1366 dass
803 1307 943 1367 diese
985 1307 1400 1367 Neuanschaffung
1447 1307 1582 1367 trotz
1623 1307 1800 1367 Krisis
1841 1307 1920 1367 und
1961 1307 2039 1367 der
2086 1306 2340 1366 bekannten

657 1385 887 1445 Eigenart
929 1387 1007 1447 des
1049 1387 1222 1447 ganzen
1264 1387 1436 1447 Basler
1478 1385 2357 1445 Personenschiffahrtsgeschäftes

657 1465 1012 1525 verantwortet
1056 1465 1221 1525 werden
1269 1466 1445 1526 kann.

967 1544 1039 1604 Das
1080 1544 1432 1604 projektierte
1474 1544 1645 1604 Schiff
1691 1544 1795 1604 soll
1841 1544 1914 1604 ein
1961 1543 2405 1603 ausgesprochenes

669 1624 1039 1684 Schnellschiff
1081 1624 1315 1684 werden,
1357 1625 1405 1685 so
1447 1625 1558 1685 dass
1600 1625 1648 1685 es
1685 1625 1886 1685 möglich
1934 1624 2034 1684 sein
2082 1624 2257 1684 wird,
2294 1624 2336 1684 am

653 1705 881 1765 gleichen
929 1703 1216 1763 Nachmittag
1269 1703 1376 1763 zwei
1413 1703 1614 1763 Fahrten
1657 1703 1763 1763 nach
1811 1703 2130 1763 Rheinfelden
2183 1703 2257 1763 und
2295 1702 2406 1762 nach

663 1783 794 1843 Kembs
840 1784 1224 1844 auszuführen,
1270 1784 1407 1844 womit
1448 1784 1584 1844 einem
1630 1784 1767 1844 alten
1812 1783 1979 1843 Wunsch
2024 1783 2379 1843 insbesondere

660 1861 734 1921 der
771 1862 1163 1922 Rheinfelder,
1206 1862 1311 1922 aber
1354 1862 1460 1922 auch
1508 1862 1587 1922 des
1624 1861 1799 1921 Basler
1841 1861 2101 1921 Publikumd
2143 1862 2371 1922 Rechnung

654 1942 882 2002 getragen
924 1942 1033 2002 wird
1138 1942 1221 2002 Wir
1263 1942 1586 2002 versprechen
1627 1940 1711 2000 uns
1752 1940 1825 2000 von
1872 1940 1950 2000 der
1996 1942 2288 2002 Verkürzung

659 2021 726 2081 der
772 2021 1006 2081 Fahrzeit
1047 2021 1156 2081 eine
1198 2021 1426 2081 Belebung
1473 2020 1551 2080 des
1592 2020 1826 2080 Verkehrs
1867 2020 1950 2080 aus
1992 2020 2064 2080 den
2111 2020 2220 2080 ganz
2262 2020 2339 2080 na=

660 2101 910 2161 türlichen
953 2102 1219 2162 Gründen,
1262 2102 1369 2162 weil
1411 2102 1465 2162 es
1502 2101 1646 2161 nicht
1688 2101 1982 2161 jedermanns
2024 2101 2163 2161 Sache
2205 2101 2285 2161 ist
2328 2101 2370 2161 an

654 2179 847 2239 heissem
892 2180 1156 2240 Sommertag
1202 2180 1309 2240 zwei
1349 2180 1547 2240 Stunden
1598 2179 1675 2239 auf
1720 2179 1852 2239 einem
1903 2179 2076 2239 Schiff
2116 2180 2162 2240 zu
2208 2181 2411 2241 sitzen,

664 2261 733 2321 das
776 2260 979 2320 infolge
1027 2260 1193 2320 seiner
1241 2260 1803 2320 verhältnissmässigen
1851 2260 2118 2320 Kleinheit
2156 2258 2294 2318 wenig

658 2339 1257 2399 Bewegungsmöglichkeit
1301 2339 1377 2399 für
1421 2339 1497 2399 die
1540 2339 1830 2399 Passagiere
1873 2339 2108 2399 bietet,
2151 2339 2255 2399 dann

659 2419 767 2479 aber
808 2419 912 2479 auch
958 2419 1128 2479 dürfte
1175 2419 1253 2479 die
1294 2419 1645 2479 Verlängerung
1687 2419 1764 2479 der
1805 2419 2255 2479 Aufenthaltszeit
2296 2417 2337 2477 an

669 2497 736 2557 der
777 2497 1068 2557 Endstation
1115 2498 1375 2558 anziehend
1422 2498 1588 2558 wirken
1635 2498 1713 2558 und
1759 2497 2165 2557 schlussendlich
2212 2497 2320 2557 wird

659 2576 701 2636 es
744 2576 824 2636 uns
866 2576 1064 2636 möglich
1117 2576 1250 2636 sein,
1266 2576 1346 2636 das
1384 2578 1986 2638 Rheinfelderstrandbad
2029 2576 2200 2636 früher
2242 2575 2290 2635 zu

659 2656 980 2716 erreichen,
1023 2657 1103 2717 als
1146 2657 1258 2717 dies
1296 2657 1376 2717 bis
1424 2656 1564 2716 jetzt
1601 2656 1682 2716 der
1724 2656 1836 2716 Fall
1880 2654 2024 2714 war,
2066 2654 2264 2714 wodurch

660 2734 727 2794 ein
774 2734 1040 2794 Grossteil
1081 2734 1165 2794 der
1207 2734 1347 2794 jetzt
1389 2735 1467 2795 die
1509 2735 1619 2795 Bahn
1665 2735 1983 2795 benützenden
2030 2734 2384 2794 Strandbädler

658 2813 760 2873 aufs
806 2813 981 2873 Schiff
1022 2813 1284 2873 abwandern
1331 2812 1572 2872 werden.

970 2889 1062 2949 Wenn
1112 2890 1187 2950 wir
1231 2893 1433 2953 richtig
1476 2894 1650 2954 gehört
1683 2894 1896 2954 haben,
1939 2893 2042 2953 sind
2086 2891 2162 2951 Sie
2205 2890 2287 2950 per
2325 2888 2341 2948 =

660 2971 856 3031 sönlich
898 2971 1099 3031 unserer
1141 2972 1524 3032 Darlehensidee
1566 2971 1710 3031 nicht
1752 2971 2079 3031 abgeneigt,
2120 2971 2285 3031 ebenso

660 3050 764 3110 soll
805 3050 915 3110 eine
957 3050 1098 3110 Reihe
1151 3050 1219 3110 von
1266 3050 1862 3110 Vorstandsmitgliedern
1914 3050 1987 3110 und
2029 3050 2541 3110 Genossenschaftern

665 3130 826 3190 unserm
873 3130 1168 3190 Vorschlage
1211 3130 1500 3190 freundlich
1548 3131 1751 3191 gesinnt
1795 3131 1966 3191 sein.
2009 3131 2116 3191 Ohne
2159 3130 2362 3190 Zweifel

663 3208 797 3268 würde
844 3209 943 3269 sich
989 3211 1098 3271 Ihre
1145 3211 1503 3271 Gesellschaft
1539 3211 1680 3271 durch
1721 3211 1799 3271 die
1845 3210 1923 3270 von
1965 3209 2048 3269 uns
2089 3209 2499 3269 vorgeschlagene

656 3289 945 3349 Mitwirkung
993 3290 1405 3350 unbestreitbare
1453 3290 1742 3350 Verdienste
1790 3290 1832 3350 um
1881 3290 1955 3350 die
2004 3292 2324 3352 Entwicklung

656 3367 731 3427 der
774 3369 945 3429 Basler
988 3368 1377 3428 Personenfahrt
1420 3368 1714 3428 erwerben.
