2963 4472
470 405 529 465 DE
552 407 672 467 MAX
720 401 1005 461 VISCHER

483 464 662 524 DEP.C.
671 460 761 520 VON
806 452 1013 512 PLANTA

472 509 744 569 ADVOKATEN
792 503 801 563 à
838 500 1017 560 NOTARE

646 551 844 611 BASEL

560 595 618 655 ST.
627 593 902 653 ALBANGRABEN
928 589 944 649 8

1381 701 1641 761 Vertrag.

961 863 1210 923 Zwischen
1252 863 1338 923 der

769 1016 949 1076 Basler
982 1007 1777 1067 Rheinschiffahrt-Aktiengese

1901 1007 2020 1067 haft
2060 1011 2108 1071 in
2155 1013 2298 1073 Basel

2008 1210 2335 1270 einerseits

1509 1313 1594 1373 und
1648 1312 1741 1372 der

776 1462 952 1522 Basler
993 1458 1948 1518 Personenschiffahrtsgesellschaft
1990 1462 2041 1522 in
2082 1461 2225 1521 Basel

2035 1659 2413 1719 andererseits

967 1811 1043 1871 ist
1085 1813 1224 1873 heute
1266 1814 1495 1874 folgende
1536 1814 1891 1874 Vereinbarung
1932 1813 2196 1873 getroffen
2238 1813 2446 1873 worden:

1511 2012 1579 2072 1.

951 2161 1022 2221 Die
1061 2160 1237 2220 Basler
1282 2158 2224 2218 Personenschiffahrtsgesellschaft
2270 2158 2471 2218 gewährt
2510 2159 2588 2219 der

783 2260 951 2320 Basler
984 2257 2020 2317 Rheinschiffahrt-Aktiengesellschaft
2060 2257 2141 2317 auf
2182 2258 2269 2318 den
2303 2258 2356 2318 1.
2370 2260 2571 2320 Februar
2612 2261 2719 2321 1933

784 2357 971 2417 (ersten
1018 2352 1219 2412 Februar
1259 2350 2199 2410 neunzehnhundertdreiunddreissig)
2240 2353 2321 2413 ein
2361 2354 2589 2414 Darlohen
2636 2356 2716 2416 von

793 2455 868 2515 Fr.
906 2452 1139 2512 251000.-
1184 2452 1832 2512 (fünfundzwanzigtausend
1877 2455 2110 2515 Franken)
2148 2455 2200 2515 zu
2238 2454 2494 2514 folgenden
2540 2452 2712 2512 Bedin-

780 2551 1020 2611 gungen:

966 2654 1046 2714 Das
1090 2654 1326 2714 Darlohen
1363 2653 1451 2713 ist
1489 2653 1570 2713 vom
1606 2652 1658 2712 1.
1672 2651 1879 2711 Februar
1916 2650 2027 2710 1933
2071 2650 2115 2710 an
2159 2650 2513 2710 halbjährlich
2565 2652 2793 2712 jeweilen

780 2757 855 2817 per
896 2756 1155 2816 1.Februar
1230 2753 1429 2813 (ersten
1469 2753 1710 2813 Februar)
1750 2752 1825 2812 und
1873 2752 1921 2812 1.
1934 2752 2105 2812 August
2153 2752 2344 2812 (ersten
2385 2754 2624 2814 August),

775 2855 1002 2915 erstmals
1044 2854 1093 2914 am
1136 2854 1371 2914 1.August
1413 2854 1519 2914 1933
1570 2854 1647 2914 mit
1690 2854 1733 2914 5%
1790 2854 2173 2914 (fünfProzent)
2208 2853 2286 2913 per
2329 2852 2442 2912 Jahr
2485 2851 2535 2911 zu
2577 2850 2683 2910 ver-

781 2956 977 3016 zinsen.
1046 2952 1130 3012 Das
1172 2951 1652 3011 Darlehenskapital
1688 2952 1771 3012 ist
1813 2953 2141 3013 beiderseits
2183 2953 2386 3013 während
2427 2950 2538 3010 fünf
2574 2947 2692 3007 Jah-

780 3055 892 3115 ren,
935 3054 1048 3114 d.h.
1084 3053 1161 3113 bis
1203 3052 1289 3112 zum
1331 3052 1381 3112 1.
1395 3052 1593 3112 Februar
1635 3051 1741 3111 1938
1791 3050 1982 3110 (ersten
2025 3050 2229 3110 Februar
2272 3047 2753 3107 neunzehnhundert-

779 3151 1259 3211 achtunddreissig)
1300 3151 1405 3211 fest
1453 3150 1536 3210 und
1572 3149 1864 3209 unkündbar;
1905 3149 2017 3209 nach
2058 3148 2232 3208 Ablauf
2273 3148 2350 3208 der
2392 3149 2746 3209 Festigkeits-

784 3251 955 3311 dauer,
995 3251 1107 3311 also
1146 3250 1193 3310 am
1239 3250 1291 3310 1.
1304 3250 1502 3310 Februar
1543 3248 1654 3308 1938
1694 3248 1806 3308 wird
1846 3248 1932 3308 das
1972 3247 2176 3307 Kapital
2216 3247 2328 3307 ohne
2368 3247 2631 3307 vorherige

785 3347 1043 3407 Kündigung
1084 3349 1161 3409 zur
1202 3350 1530 3410 Rückzahlung
1571 3349 1780 3409 fällig,
1815 3347 1988 3407 sofern
2031 3347 2176 3407 nicht
2211 3347 2378 3407 vorher
2427 3347 2566 3407 unter
2608 3347 2684 3407 den

791 3446 1020 3506 Parteien
1066 3448 1177 3508 eine
1216 3448 1485 3508 besondere
1530 3446 1884 3506 Vereinbarung
1929 3446 2198 3506 getroffen
2237 3446 2381 3506 wird.

958 3551 1029 3611 Das
1076 3550 1304 3610 Darlehen
1350 3550 1494 3610 dient
1533 3550 1618 3610 zur
1657 3550 2017 3610 Finanzierung
2062 3550 2206 3610 eines
2245 3550 2330 3610 von
2369 3550 2454 3610 der
2493 3551 2669 3611 Basler

785 3649 1806 3709 Rheinschiffahrt-Aktiengesellschaft
1848 3652 1890 3712 in
1931 3652 2015 3712 Bau
2056 3652 2314 3712 gegebenen
2362 3650 2563 3710 Diesel-

763 3753 1146 3813 Motorschiffes
1192 3755 1523 3815 "Rhyblitz",
1562 3755 1635 3815 das
1681 3755 1761 3815 für
1807 3755 1886 3815 die
1926 3754 2468 3814 Persononschiffahrt
2508 3750 2679 3810 Basel-
