2840 3799
1468 295 1481 355 2
1536 297 1557 357 -

1835 395 2137 455 Basel.
2262 394 2501 454 4.10.32.

571 401 708 461 Herrn
748 403 837 463 Dr.
868 401 956 461 Max
997 397 1231 457 Vischer,

571 505 732 565 dieses
775 502 943 562 Bootes
987 501 1124 561 würde
1174 500 1217 560 an
1260 499 1521 559 Sonntagen
1571 498 1614 558 so
1658 497 1957 557 angesetzt,
1994 496 2105 556 dass
2149 494 2261 554 noch
2298 493 2410 553 eine

562 605 861 665 Abendfahrt
898 603 1005 663 nach
1048 601 1379 661 Rheinfelden
1422 598 1747 658 stattfinden
1791 596 1934 656 kann,
1972 596 2178 656 wodurch
2221 595 2296 655 die

569 706 897 766 Möglichkeit
938 702 1137 762 geboten
1178 700 1295 760 ist,
1335 700 1410 760 die
1452 699 1540 759 mit
1582 698 1650 758 dem
1699 697 1897 757 zweiten
1944 695 2389 755 Nachmittagskurs

568 805 675 865 nach
719 803 1040 863 Rheinfelden
1085 800 1400 860 verbrachten
1450 799 1677 859 Personen
1721 798 1828 858 alle
1866 797 2043 857 wieder
2087 796 2163 856 per
2207 796 2370 856 Schiff

559 907 670 967 nach
714 905 858 965 Basel
897 901 1449 961 zurückzubefördern.

1108 1001 1370 1061 Ausserdem
1415 1000 1501 1060 ist
1535 1000 1922 1060 beabsichtigt,
1961 998 2007 1058 an
2052 997 2286 1057 gewissen
2331 994 2467 1054 Tagen

570 1108 772 1168 Fahrten
810 1105 924 1165 nach
968 1103 1227 1163 Neuenburg
1271 1102 1315 1162 zu
1360 1100 1751 1160 veranstalten.
1789 1099 1834 1159 In
1878 1097 2137 1157 Neuenburg
2181 1097 2295 1157 wird
2333 1096 2415 1156 ein

568 1207 946 1267 Autoanschluss
985 1205 1101 1265 nach
1139 1202 1461 1262 Badenweiler
1506 1201 1892 1261 eingerichtet,
1930 1199 2104 1259 sodass
2142 1198 2219 1258 die
2264 1196 2495 1256 Möglich-

566 1307 674 1367 keit
716 1306 946 1366 besteht,
989 1304 1158 1364 diesen
1200 1303 1376 1363 Kurort
1418 1300 1672 1360 teilweise
1715 1298 1794 1358 per
1836 1298 2006 1358 Schiff
2048 1298 2096 1358 zu
2144 1298 2435 1358 erreichen.

564 1407 636 1467 Den
678 1406 1000 1466 Badenweiler
1043 1403 1310 1463 Kurgästen
1352 1402 1461 1462 wird
1504 1400 1831 1460 Gelegenheit
1874 1399 2105 1459 geboten,
2141 1397 2220 1457 die
2263 1397 2584 1457 interessan-

563 1507 633 1567 ten
679 1506 878 1566 Kembser
925 1504 1124 1564 Anlagen
1176 1502 1252 1562 und
1293 1502 1369 1562 die
1415 1501 1561 1561 Stadt
1596 1501 1742 1561 Basel
1784 1499 1830 1559 zu
1877 1499 2139 1559 besuchen.

1107 1604 1192 1664 Mit
1232 1603 1305 1663 der
1350 1601 1581 1661 Gemeinde
1627 1600 1954 1660 Rheinfelden
2006 1599 2112 1659 sind
2158 1598 2237 1658 wir
2282 1597 2355 1657 zur

564 1708 671 1768 Zeit
719 1708 761 1768 in
808 1705 1190 1765 Unterhandlung
1237 1702 1345 1762 über
1386 1702 1463 1762 die
1505 1700 1803 1760 Errichtung
1845 1699 1982 1759 eines
2029 1699 2440 1759 Landungssteges

570 1808 612 1868 im
659 1807 922 1867 Strandbad
963 1805 1322 1865 Rheinfelden.
1363 1804 1441 1864 Wir
1483 1802 1805 1862 versprechen
1853 1801 1931 1861 uns
1972 1800 2049 1860 von
2097 1799 2175 1859 der
2217 1799 2449 1859 direkten

574 1909 837 1969 Bedienung
883 1907 959 1967 des
1004 1906 1321 1966 Strandbades
1359 1903 1684 1963 Rheinfelden
1730 1902 1865 1962 einen
1911 1901 2107 1961 Zuwachs
2153 1900 2198 1960 an
2243 1900 2560 1960 Passagieren

578 2011 650 2071 und
695 2009 924 2069 erwägen,
969 2008 1015 2068 ob
1054 2008 1133 2068 wir
1179 2008 1224 2068 an
1270 2006 1466 2066 schönen
1511 2003 1831 2063 Sommertagen
1870 2002 2014 2062 nicht
2053 1999 2131 2059 vor
2177 1999 2249 2059 dem
2295 1997 2432 2057 Fahr-

571 2110 799 2170 plankurs
836 2109 979 2169 einen
1022 2107 1288 2167 Extrakurs
1331 2106 1406 2166 für
1449 2105 1523 2165 das
1573 2104 1832 2164 Strandbad
1870 2101 2197 2161 Rheinfelden
2241 2101 2469 2161 einlegen

570 2212 786 2272 wollen.

1114 2308 1276 2368 Leider
1318 2306 1487 2366 machen
1533 2305 1608 2365 die
1656 2304 1795 2364 Wirte
1842 2302 1917 2362 und
1958 2302 2255 2362 Konditoren
2296 2300 2342 2360 in
2389 2300 2558 2360 Rhein-

571 2413 735 2473 felden
777 2411 857 2471 aus
906 2410 978 2470 der
1021 2408 1351 2468 kleinlichen
1393 2406 1625 2466 Erwägung
1667 2404 1875 2464 heraus,
1911 2404 1960 2464 es
2002 2402 2173 2462 werden
2216 2402 2362 2462 ihnen
2405 2401 2538 2461 durch

572 2510 734 2570 diesen
783 2509 1134 2569 Landungssteg
1177 2507 1316 2567 Gäste
1359 2506 1625 2566 entzogen,
1667 2504 1831 2564 diesem
1873 2503 2079 2563 Projekt
2121 2503 2376 2563 vorläufig
2424 2503 2527 2563 noch

566 2611 896 2671 Opposition.
932 2609 1012 2669 Wir
1055 2608 1226 2668 hoffen
1275 2606 1416 2666 aber,
1458 2605 1593 2665 diese
1642 2604 1935 2664 Opposition
1978 2602 2272 2662 beseitigen
2315 2602 2363 2662 zu
2407 2602 2577 2662 können

577 2713 655 2773 und
691 2713 830 2773 haben
878 2710 921 2770 zu
969 2710 1133 2770 diesem
1181 2707 1320 2767 Zweck
1362 2707 1441 2767 der
1484 2705 1714 2765 Gemeinde
1756 2704 2077 2764 Rheinfelden
2125 2704 2324 2764 bereits
2367 2703 2476 2763 mit-

574 2813 803 2873 geteilt,
852 2812 954 2872 dass
996 2811 1075 2871 wir
1118 2810 1196 2870 die
1244 2809 1498 2869 täglichen
1540 2806 1740 2866 Fahrten
1782 2806 1891 2866 nach
1934 2806 2290 2866 Rheinfelden,
2332 2806 2441 2866 wenn

581 2912 717 2972 nicht
757 2911 837 2971 ein
882 2910 1227 2970 Landungssteg
1279 2908 1318 2968 im
1369 2907 1624 2967 Strandbad
1670 2905 1937 2965 errichtet
1970 2905 2112 2965 wird,
2151 2905 2356 2965 mangels

577 3013 808 3073 Frequenz
849 3011 990 3071 nicht
1032 3010 1292 3070 einhalten
1333 3008 1505 3068 werden
1546 3007 1747 3067 können,
1788 3007 1930 3067 wobei
1971 3007 2042 3067 wir
2095 3006 2166 3066 die
2214 3005 2438 3065 Gemeinde
2485 3004 2591 3064 ins-

576 3113 832 3173 besondere
878 3112 1044 3172 darauf
1089 3112 1380 3172 aufmerksam
1426 3109 1632 3169 gemacht
1666 3109 1843 3169 haben,
1888 3107 1991 3167 dass
2037 3107 2083 3167 in
2128 3106 2294 3166 diesem
2345 3106 2453 3166 Fall

583 3214 624 3274 in
664 3214 839 3274 erster
886 3212 1021 3272 Linie
1067 3211 1142 3271 die
1190 3211 1330 3271 Wirte
1376 3209 1451 3269 und
1493 3209 1819 3269 Konditoren,
1860 3208 1936 3268 die
1977 3206 2123 3266 heute
2169 3205 2455 3265 Opposition

569 3320 705 3380 gegen
746 3316 829 3376 den
869 3313 1224 3373 Landungssteg
1272 3310 1313 3370 im
1361 3310 1620 3370 Strandbad
1661 3308 1866 3368 machen,
1907 3308 2207 3368 geschädigt
2242 3307 2446 3367 werden.

1122 3413 1206 3473 Mit
1245 3413 1318 3473 dem
1369 3412 1791 3472 Baudepartement
1830 3409 1936 3469 sind
1976 3409 2060 3469 wir
2105 3409 2150 3469 in
2195 3409 2582 3469 Unterhandlung
