2924 3610
1688 625 1756 685 8.
1796 623 2006 683 Oktober
2046 625 2161 685 1932
2296 628 2451 688 11.00

634 923 1026 983 Telephonische
1061 923 1366 983 Mitteilung
1413 923 1489 983 von
1536 925 1624 985 Dr.
1665 926 1718 986 W.
1753 928 1899 988 Meile
1946 930 1969 990 :

1036 1078 1116 1138 Auf
1161 1078 1236 1138 das
1276 1078 1510 1138 Zirkular
1556 1078 1630 1138 vom
1676 1078 1733 1138 7.
1773 1079 1973 1139 Oktober
2008 1080 2156 1140 mache
2197 1081 2276 1141 ich
2322 1084 2465 1144 Ihnen

625 1180 862 1240 folgende
912 1177 1276 1237 Bemerkungen:

1035 1278 1117 1338 Der
1162 1280 1302 1340 Brief
1346 1282 1423 1342 der
1467 1283 1766 1343 B.R.S.A.G.
1804 1283 1887 1343 ist
1925 1284 2008 1344 mir
2046 1285 2192 1345 nicht
2230 1288 2497 1348 genügend.

637 1381 684 1441 Er
724 1381 841 1441 gibt
882 1382 1021 1442 keine
1063 1383 1296 1443 Garantie
1342 1384 1418 1444 für
1465 1384 1540 1444 das
1581 1385 1814 1445 Kapital,
1861 1385 2053 1445 sondern
2100 1385 2182 1445 ist
2222 1387 2485 1447 lediglich

647 1480 714 1540 ein
757 1481 1210 1541 Betriebsexposé.
1253 1483 1332 1543 Ich
1375 1484 1455 1544 bin
1491 1484 1645 1544 nicht
1681 1486 1822 1546 gegen
1865 1487 2251 1547 Verhandlungen
2293 1489 2532 1549 zwischen

640 1582 712 1642 den
759 1583 933 1643 beiden
968 1585 1421 1645 Gesellschaften,
1463 1588 1696 1648 verlange
1738 1588 1851 1648 aber
1893 1589 2185 1649 unbedingt,
2226 1591 2340 1651 dass
2382 1591 2459 1651 der

625 1684 889 1744 Entscheid
929 1685 1070 1745 durch
1117 1685 1228 1745 eine
1264 1688 1808 1748 Generalversammlung
1849 1691 2060 1751 gefällt
2096 1693 2271 1753 werde.

1015 1789 1093 1849 Für
1142 1789 1220 1849 die
1263 1790 1492 1850 nächsten
1540 1792 1589 1852 10
1637 1793 1746 1853 Tage
1788 1793 1866 1853 bin
1915 1795 1993 1855 ich
2036 1795 2078 1855 im
2126 1795 2331 1855 Ausland
2374 1795 2458 1855 ab-

634 1888 854 1948 wesend.

1010 2093 1329 2153 Abgenommen
1385 2093 1535 2153 durch

1778 2182 2074 2242 ttetlg
2155 2159 2302 2219 es

2474 305 2602 365 54
