2845 3800
2386 236 2414 296 5

323 381 597 441 BASLER
661 377 1470 437 RHEINSCHIFFAHRT
1522 380 2473 440 AKTIENGESELLSCHAFT

334 512 590 572 BASEL
669 512 702 572 +
781 514 1217 574 MARKTGASSE
1261 517 1283 577 5

335 682 499 742 Telephon:
519 682 584 742 No.
599 682 713 742 24.790
758 682 779 742 /
823 682 1013 742 Telegramm:
1032 682 1176 742 Navibale
1222 682 1237 742 /
1286 682 1540 742 Postcheckkonto:
1560 682 1580 742 V
1610 682 1695 742 3012
1744 682 1759 742 /
1804 682 2078 742 Bankverbindung:
2098 680 2232 740 Schweiz.
2247 680 2412 740 Bankverein
2437 679 2521 739 Basel

1741 847 1915 907 Basel,
1960 851 2038 911 den
2082 851 2379 911 15.Oktober
2424 853 2572 913 1932.

1747 901 1824 961 R/M

595 994 737 1054 Herrn
778 999 866 1059 Dr.
901 1001 983 1061 Max
1025 1001 1266 1061 Vischer,
1308 1003 1543 1063 Advokat,

607 1052 871 1112 Präsident
907 1052 985 1112 der

604 1100 1579 1160 Personenschiffahrtsgesellschaft,

596 1150 898 1210 Basel.

598 1402 831 1462 Betrifft
867 1400 1102 1460 Darlehen
1145 1400 1225 1460 für
1269 1399 1349 1459 den
1386 1399 1466 1459 Bau
1510 1399 1591 1459 des
1627 1399 1773 1459 neuen
1809 1399 2320 1459 Personenschiffes.

929 1502 1006 1562 Wir
1044 1501 1183 1561 haben
1227 1501 1316 1561 mit
1355 1501 1487 1561 Ihrem
1532 1502 2036 1562 Vice-Präsidenten,
2074 1502 2219 1562 Herrn
2257 1502 2340 1562 Ad.
2379 1504 2617 1564 Ryniker,

603 1603 639 1663 in
686 1603 852 1663 dieser
893 1603 1288 1663 Angelegenheit
1324 1603 1646 1663 Rücksprache
1693 1603 1921 1663 genommen
1967 1603 2045 1663 und
2092 1603 2258 1663 teilen

603 1701 729 1761 Ihnen
775 1702 821 1762 zu
867 1703 1040 1763 Handen
1086 1703 1224 1763 Ihres
1270 1703 1563 1763 Vorstandes
1604 1703 1718 1763 mit,
1759 1703 1839 1763 was
1885 1703 1965 1763 wir
2006 1703 2092 1763 mit
2126 1703 2270 1763 Herrn

592 1804 796 1864 Ryniker
839 1804 1150 1864 vereinbart
1188 1804 1375 1864 haben:

931 1903 1127 1963 Demnach
1176 1904 1282 1964 sind
1323 1904 1404 1964 wir
1445 1904 1650 1964 bereit,
1690 1903 1830 1963 Ihnen
1870 1903 1943 1963 für
1993 1903 2066 1963 das
2107 1903 2311 1963 maximal

595 2003 679 2063 Fr.
724 2005 948 2065 25.000.-
993 2005 1285 2065 betragende
1330 2005 1566 2065 Darlehen
1605 2003 1694 2063 mit
1734 2003 1869 2063 einer
1913 2003 2368 2063 Maximallaufzeit
2412 2003 2485 2063 von

588 2107 695 2167 fünf
740 2105 909 2165 Jahren
953 2105 1093 2165 einen
1139 2105 1375 2165 Zinssatz
1420 2105 1493 2165 von
1538 2107 1560 2167 5
1594 2107 1616 2167 %
1667 2107 1712 2167 zu
1757 2105 2021 2165 gewähren.

926 2204 1005 2264 Als
1046 2205 1618 2265 Sicherheitsleistung
1664 2207 1773 2267 käme
1813 2207 1928 2267 eine
1968 2206 2196 2266 Hypothek
2243 2206 2288 2266 im

598 2306 793 2366 zweiten
836 2306 944 2366 Rang
988 2308 1069 2368 auf
1112 2308 1188 2368 das
1231 2308 1345 2368 Boot
1383 2308 1432 2368 in
1475 2308 1735 2368 Betracht,
1778 2308 1946 2368 sofern
1990 2308 2065 2368 Sie
2114 2308 2190 2368 das
2233 2308 2309 2368 als

595 2407 736 2467 nötig
783 2405 1054 2465 erachten.

941 2506 1011 2566 Wir
1051 2506 1192 2566 geben
1233 2507 1313 2567 die
1353 2507 1625 2567 Garantie,
1665 2507 1776 2567 dass
1806 2507 1887 2567 wir
1927 2507 2128 2567 während
2179 2507 2249 2567 der
2288 2509 2439 2569 Zeit,

597 2605 792 2665 während
834 2605 1030 2665 welcher
1076 2606 1154 2666 wir
1200 2606 1242 2666 im
1293 2606 1459 2666 Genuss
1505 2608 1670 2668 dieses
1712 2608 1975 2668 Darlehens
2021 2608 2160 2668 sind,
2201 2609 2274 2669 die
2320 2608 2465 2668 Fahrt

585 2707 695 2767 nach
738 2708 1065 2768 Rheinfelden
1112 2707 1354 2767 aufrecht
1397 2707 1660 2767 erhalten.

932 2805 1091 2865 Ferner
1139 2807 1309 2867 werden
1352 2807 1431 2867 wir
1474 2807 1766 2867 anlässlich
1814 2806 1888 2866 der
1931 2807 2467 2867 Generalversammlung

595 2908 667 2968 der
714 2906 1651 2966 Personenschiffahrtsgesellschaft
1692 2906 1827 2966 Ihren
1873 2908 2375 2968 Genossenschaftern

591 3005 731 3065 freie
771 3007 922 3067 Fahrt
955 3008 1045 3068 mit
1084 3008 1219 3068 einem
1270 3010 1595 3070 Kursschiff,
1640 3009 1718 3069 sei
1758 3008 1808 3068 es
1848 3008 1960 3068 nach
1999 3008 2330 3068 Rheinfelden
2375 3008 2481 3068 oder

586 3110 691 3170 nach
735 3109 1129 3169 Kembs/Istein,
1174 3110 1440 3170 gewähren.

928 3208 1005 3268 Als
1049 3208 1709 3268 Selbstverständlichkeit
1748 3208 1915 3268 setzen
1959 3208 2036 3268 wir
2081 3209 2158 3269 bei
2202 3209 2275 3269 der
2324 3209 2491 3269 ganzen

596 3311 852 3371 Abmachung
900 3310 1102 3370 voraus,
1143 3310 1251 3370 dass
1292 3308 1399 3368 Ihre
1447 3308 1804 3368 Gesellschaft
1840 3308 2042 3368 während
2084 3308 2161 3368 der
2208 3310 2345 3370 Dauer
2393 3310 2470 3370 des

593 3413 853 3473 Anleihens
900 3412 977 3472 und
1018 3412 1219 3472 unserer
1261 3412 1674 3472 Verpflichtung,
1716 3410 1793 3470 die
1834 3410 2313 3470 Rheinfeldenfahrt
2354 3409 2460 3469 bei-
