2845 3797
1478 316 1491 376 2
1541 317 1560 377 -

604 416 744 476 Herrn
787 418 869 478 Dr.
905 416 986 476 Max
1030 416 1266 476 Vischer,
1303 417 1516 477 Advokat

1834 418 2137 478 Basel.
2297 418 2568 478 15.10.32.

598 520 918 580 zubehalten,
965 521 1260 581 ihrerseits
1306 520 1446 580 keine
1493 519 2046 579 Personenschiffahrt
2082 520 2222 580 weder
2269 520 2382 580 nach

605 620 918 680 Rheinfelden
960 620 1075 680 noch
1117 622 1164 682 in
1211 622 1352 682 einer
1394 622 1567 682 andern
1609 622 1875 682 Richtung,
1917 622 2058 682 weder
2100 622 2278 682 direkt
2315 620 2424 680 noch

593 721 827 781 indirekt
868 721 1128 781 betreiben
1175 721 1281 781 oder
1328 721 1680 781 unterstützen
1726 722 1869 782 wird.

934 821 1007 881 Wir
1049 820 1190 880 haben
1238 820 1316 880 Sie
1358 820 1562 880 bereits
1604 820 1808 880 darüber
1855 820 2242 880 unterrichtet,
2284 820 2394 880 dass

606 922 678 982 wir
720 922 803 982 mit
845 922 917 982 dem
969 920 1297 980 Gemeinderat
1334 920 1411 980 von
1453 920 1776 980 Rheinfelden
1822 920 1869 980 in
1911 920 2239 980 Verhandlung
2280 920 2446 980 stehen

600 1021 698 1081 über
747 1021 823 1081 die
866 1021 1155 1081 Errichtung
1204 1022 1339 1082 einer
1383 1022 1737 1082 Anlegestelle
1780 1022 1883 1082 beim
1932 1021 2193 1081 Strandbad
2237 1020 2405 1080 Rhein-

596 1123 798 1183 felden.
836 1121 915 1181 Die
958 1121 1282 1181 Rheinfelder
1325 1121 1500 1181 Wirte,
1537 1123 1830 1183 Konditoren
1873 1123 2048 1183 machen
2091 1121 2288 1181 dagegen
2335 1120 2473 1180 Oppo-

605 1222 764 1282 sition
810 1222 883 1282 und
929 1222 1007 1282 der
1053 1222 1378 1282 Gemeinderat
1419 1222 1559 1282 lässt
1600 1222 1703 1282 sich
1749 1222 1915 1282 leider
1961 1222 2039 1282 von
2085 1222 2250 1282 dieser
2297 1220 2430 1280 Oppo-

606 1322 766 1382 sition
808 1322 1196 1382 beeinflussen.
1237 1322 1315 1382 Wir
1357 1322 1496 1382 haben
1543 1322 1776 1382 deshalb,
1812 1322 1859 1382 um
1911 1322 1983 1382 das
2030 1322 2139 1382 Ziel
2180 1321 2289 1381 eher
2336 1321 2377 1381 zu

596 1423 885 1483 erreichen,
932 1423 1004 1483 dem
1050 1423 1376 1483 Gemeinderat
1418 1423 1650 1483 gedroht,
1692 1422 1795 1482 dass
1842 1421 1920 1481 wir
1966 1421 2038 1481 die
2085 1420 2343 1480 Personen-

599 1523 891 1583 schiffahrt
929 1523 1034 1583 nach
1078 1522 1401 1582 Rheinfelden
1449 1522 1587 1582 stark
1630 1522 1981 1582 einschränken
2023 1522 2257 1582 müssten,
2299 1523 2405 1583 wenn

600 1624 674 1684 uns
716 1624 865 1684 nicht
902 1624 1225 1684 Gelegenheit
1268 1624 1464 1684 geboten
1506 1624 1649 1684 wird,
1691 1624 1765 1684 den
1808 1624 2014 1684 Anreiz,
2057 1624 2131 1684 den
2179 1624 2252 1684 das

595 1722 791 1782 direkte
839 1723 1004 1783 Landen
1052 1724 1094 1784 im
1142 1724 1402 1784 Strandbad
1445 1724 1525 1784 für
1567 1724 1647 1784 das
1689 1724 1918 1784 Publikum
1965 1723 2168 1783 bietet,
2210 1723 2374 1783 auszu-

603 1824 794 1884 nützen.
836 1825 970 1885 Diese
1017 1825 1219 1885 Drohung
1265 1825 1348 1885 ist
1385 1825 1494 1885 also
1535 1825 1794 1885 lediglich
1841 1824 1949 1884 eine
1996 1823 2250 1883 taktische
2297 1822 2436 1882 Mass-

594 1924 766 1984 nahme.
806 1925 884 1985 Wir
929 1925 1096 1985 werden
1140 1925 1406 1985 natürlich
1445 1924 1554 1984 nach
1598 1924 1676 1984 wie
1721 1924 1794 1984 vor
1844 1924 1947 1984 auch
1991 1924 2099 1984 ohne
2144 1924 2281 1984 diese

599 2023 1190 2083 Strandbadlandestelle
1232 2023 1340 2083 nach
1382 2023 1704 2083 Rheinfelden
1750 2023 1922 2083 fahren
1963 2023 2171 2083 werden.
2212 2023 2378 2083 Jedoch

601 2125 766 2185 müssen
807 2125 884 2185 wir
931 2125 1008 2185 die
1050 2125 1252 2185 Fahrten
1298 2125 1375 2185 auf
1417 2125 1494 2185 das
1535 2125 1732 2185 frühere
1778 2125 1887 2185 Mass
1933 2126 2315 2186 zurückführen,

601 2225 791 2285 nämlich
834 2225 913 2285 nur
955 2225 1003 2285 an
1046 2225 1062 2285 6
1109 2225 1252 2285 statt
1294 2225 1337 2285 an
1379 2225 1400 2285 7
1442 2225 1760 2285 Wochentagen
1808 2225 1855 2285 zu
1897 2225 2099 2285 fahren,
2141 2226 2221 2286 wie
2263 2227 2374 2287 dies

600 2323 765 2383 früher
808 2324 888 2384 bei
930 2326 1069 2386 Ihrer
1117 2326 1474 2386 Gesellschaft
1511 2326 1591 2386 der
1633 2326 1745 2386 Fall
1782 2326 1899 2386 war.
1937 2326 2017 2386 Der
2059 2326 2320 2386 Ausgleich

593 2425 670 2485 für
717 2426 790 2486 den
831 2427 1038 2487 Ausfall
1079 2428 1219 2488 eines
1260 2426 1581 2486 Wochentages
1628 2426 1798 2486 findet
1840 2426 1943 2486 sich
1991 2426 2099 2486 dann
2145 2428 2187 2488 in
2239 2428 2311 2488 der

596 2527 859 2587 doppelten
902 2527 1106 2587 Führung
1149 2527 1229 2587 der
1273 2527 1412 2587 Kurse
1455 2527 1504 2587 am
1552 2527 1788 2587 Sonntag,
1826 2527 1874 2587 da
1917 2527 1997 2587 wir
2046 2528 2094 2588 ja
2132 2528 2368 2588 nächstes

598 2627 702 2687 Jahr
744 2627 853 2687 über
901 2627 978 2687 ein
1020 2626 1161 2686 neues
1203 2626 1323 2686 Boot
1360 2626 1625 2686 verfügen.

927 2725 998 2785 Wir
1044 2725 1182 2785 sehen
1223 2726 1366 2786 gerne
1412 2726 1551 2786 Ihrem
1597 2726 1832 2786 weiteren
1873 2726 2078 2786 Bericht
2123 2728 2231 2788 über
2277 2728 2353 2788 das

593 2827 886 2887 endgültige
930 2827 1351 2887 Zustandekommen
1401 2827 1478 2887 des
1517 2827 1788 2887 Abkommens
1832 2827 2065 2887 entgegen
2109 2828 2192 2888 und

598 2930 862 2990 begrüssen
914 2929 1000 2989 Sie

1589 3028 1942 3088 hochachtend

1757 3079 1859 3139 SLER

1369 3127 2367 3187 HEINSCHIFARRT-AKTIENGESELLSCHAFT

1642 3300 1980 3360 Wr
