2846 3798
2460 260 2551 320 (0

736 313 945 373 Basler
993 310 2143 370 Rheinschiffahrt-Aktiengesellschaft

1336 400 1531 460 Basel

384 476 619 536 STRASSBURG
649 476 659 536 -
680 475 770 535 KEHL
800 475 810 535 -
830 475 1051 535 KARLSRUHE
1081 475 1091 535 -
1111 475 1297 535 MANNHEIM
1332 475 1342 535 -
1362 475 1452 535 KÖLN
1482 475 1492 535 -
1517 473 1894 533 DUISBURG-RUHRORT
1919 473 1929 533 -
1949 472 2169 532 ROTTERDAM
2205 472 2215 532 -
2235 472 2465 532 ANTWERPEN

1463 718 1671 778 Basel,
1712 719 1787 779 den
1833 718 2163 778 19.Dezember
2203 719 2319 779 1932

1472 994 1592 1054 Herr

1484 1060 1835 1120 Dr.M.Vischer
1885 1058 1901 1118 -
1951 1058 2028 1118 von
2072 1060 2247 1120 Planta

506 1084 771 1144 DIREKTION

1481 1115 1683 1175 Advokat
1725 1115 1757 1175 &
1784 1114 1927 1174 Notar

1478 1165 1749 1225 Basel

679 1483 1408 1543 Betr.Personenschiffahrt

990 1640 1068 1700 Wir
1109 1642 1250 1702 haben
1292 1642 1432 1702 Ihrem
1479 1642 1739 1702 Schreiben
1786 1642 1859 1702 vom
1905 1643 2046 1703 16.ds
2093 1643 2348 1703 entnommen

688 1720 796 1780 dass
838 1720 915 1780 die
957 1721 1494 1781 Generalversammlung
1536 1721 1613 1781 der
1659 1721 2595 1781 Personenschiffahrtsgesellschaft

694 1801 769 1861 den
815 1801 1285 1861 Darlehensvertrag
1337 1801 1443 1861 ohne
1483 1801 1741 1861 Aenderung
1792 1801 2081 1861 angenommen
2121 1801 2208 1861 hat
2253 1801 2324 1861 und

686 1879 914 1939 benützen
957 1879 1127 1939 diesen
1169 1880 1408 1940 Anlass,
1450 1879 1492 1939 um
1540 1879 1678 1939 Ihnen
1720 1879 1800 1939 für
1842 1879 1948 1939 Ihre
1996 1879 2341 1939 freundlichen

691 1958 977 2018 Bemühungen
1027 1957 1195 2017 unsern
1239 1957 1348 2017 Dank
1392 1958 1841 2018 auszusprechen.

1003 2036 1069 2096 Vom
1112 2036 1315 2096 Wunsche
1358 2036 1441 2096 des
1484 2036 1687 2096 Vereins
1730 2037 1807 2097 für
1851 2038 1927 2098 die
1971 2038 2272 2098 Schiffahrt
2310 2038 2392 2098 auf
2430 2038 2507 2098 dem

698 2116 1015 2176 Oberrhein,
1056 2116 1135 2176 die
1176 2116 1592 2176 Frequenzzahlen
1639 2116 1685 2176 zu
1727 2117 2231 2177 Propagandazwecken
2283 2116 2325 2176 zu

693 2195 955 2255 erfahren,
966 2195 1102 2255 haben
1148 2195 1229 2255 wir
1269 2197 1503 2257 Kenntnis
1548 2197 1776 2257 genommen
1822 2197 1897 2257 und
1943 2195 2110 2255 werden
2156 2195 2231 2255 ihm
2278 2195 2419 2255 gerne

700 2276 1045 2336 willfahren,
1093 2276 1257 2336 sobald
1300 2276 1380 2336 wir
1422 2276 1497 2336 von
1544 2276 1709 2336 diesem
1757 2275 1921 2335 Verein
1975 2275 2198 2335 erfahren
2245 2276 2383 2336 haben

693 2356 884 2416 welcher
927 2356 1014 2416 Art
1052 2356 1188 2416 diese
1232 2356 1526 2416 Propaganda
1569 2357 1776 2417 geführt
1814 2357 1983 2417 werden
2032 2356 2201 2416 soll.
2239 2356 2440 2416 Selbst-

1194 2396 1265 2456 wir

690 2435 1034 2495 verständlich
1088 2437 1192 2497 sind
1236 2437 1312 2497 für
1361 2438 1465 2498 jede
1508 2438 1803 2498 Empfehlung
1847 2438 1929 2498 der
1967 2438 2513 2498 Personenschiffahrt

696 2515 794 2575 sehr
840 2515 1037 2575 dankbar
1089 2516 1162 2576 und
1203 2516 1375 2576 würden
1421 2517 1468 2577 es
1510 2518 1836 2578 begrüssen,
1877 2518 1981 2578 wenn
2028 2518 2105 2578 der
2152 2516 2504 2576 V.f.Sch.a.d.

689 2596 827 2656 O.Rh.
843 2597 945 2657 sich
993 2598 1074 2658 uns
1116 2599 1378 2659 gegenüber
1426 2599 1565 2659 etwas
1608 2599 1960 2659 freundlicher
2003 2597 2361 2657 einstellte,
2404 2597 2484 2657 als

694 2674 742 2734 es
784 2675 955 2735 bisher
997 2677 1077 2737 der
1114 2677 1231 2737 Fall
1274 2677 1417 2737 war.
1454 2677 1534 2737 Wir
1577 2678 1747 2738 werden
1790 2678 1870 2738 die
1912 2677 2114 2737 nächste
2157 2677 2486 2737 Gelegenheit

685 2755 979 2815 benützen,
1022 2755 1064 2815 um
1113 2755 1193 2815 mit
1236 2756 1311 2816 dem
1359 2756 1525 2816 Verein
1573 2757 1685 2817 über
1723 2758 1867 2818 diese
1910 2758 2204 2818 Propaganda
2246 2758 2327 2818 uns
2375 2756 2418 2816 zu

688 2834 1097 2894 unterhalten.

1084 2914 1168 2974 Mit
1210 2914 1575 2974 vorzüglicher
1617 2915 1946 2975 Hochachtung
1994 2919 2012 2979 :

839 3023 1006 3083 Basler
1043 3023 1165 3083 Rhei
1201 3023 1509 3083 schiffahrt
1546 3022 2085 3082 Aktiengesellschaft

1175 3222 1217 3282 W
