2921 3607
260 3184 279 3244 1

2481 288 2580 348 62

1282 406 1640 466 Copie.

1354 449 1665 509 -----------

250 550 418 610 BASLER
459 552 1399 612 PERSONENSCHIFFAHRTSGESELLSCHAFT

1791 712 1976 772 Basel,
2011 713 2097 773 den
2140 715 2197 775 4.
2232 716 2354 776 Juli
2397 722 2547 782 1933.

779 904 830 964 An
874 905 951 965 die
995 907 1166 967 Basler
1205 910 1688 970 Rheinschiffahrts
1726 916 1872 976 A.-G.

786 956 1085 1016 Marktgasse
1135 959 1150 1019 -

790 1007 1124 1067 Basel.

794 1214 897 1274 Sehr
938 1214 1139 1274 geehrte
1185 1217 1393 1277 Herren,

1086 1318 1131 1378 In
1176 1318 1254 1378 der
1293 1320 1832 1380 Generalversammlung
1878 1324 1956 1384 vom
2001 1326 2085 1386 24.
2125 1328 2235 1388 Juni
2274 1330 2391 1390 1933
2436 1330 2540 1390 sind

779 1417 855 1477 uns
899 1418 1253 1478 verschiedene
1292 1420 1614 1480 Beschwerden
1659 1423 2020 1483 unterbreitet
2058 1426 2222 1486 worden
2267 1427 2349 1487 mit
2393 1429 2475 1489 der

780 1516 953 1576 Bitte,
996 1517 1072 1577 bei
1113 1519 1252 1579 Ihnen
1294 1520 1495 1580 deshalb
1537 1523 1828 1583 vorstellig
1871 1525 1919 1585 zu
1961 1526 2169 1586 werden.
2204 1528 2259 1588 Es
2293 1529 2502 1589 handelt

783 1621 899 1681 sich
945 1622 985 1682 um
1043 1622 1060 1682 :

1091 1724 1142 1784 1.

1182 1721 1256 1781 Das
1292 1723 1465 1783 Fehlen
1509 1725 1650 1785 eines
1688 1729 1977 1789 gedruckten
2020 1732 2347 1792 Fahrplanes.

1174 1774 1286 1834 Halt
1324 1775 1375 1835 in
1414 1777 1773 1837 Kaiseraugst.

1084 1778 1149 1838 2.

1183 1825 1290 1885 Halt
1329 1825 1374 1885 in
1419 1825 1807 1885 Basel-Breite.

1087 1827 1146 1887 3.

1081 1873 1142 1933 4.

1180 1872 1470 1932 Vertretung
1507 1877 1657 1937 Ihrer
1693 1880 2051 1940 Gesellschaft
2088 1882 2133 1942 an
2177 1882 2378 1942 unseren
2423 1888 2653 1948 General-

1179 1925 1555 1985 versammlungen
1604 1928 1737 1988 durch
1786 1930 1920 1990 einen
1968 1934 2321 1994 Delegierten.

1085 2026 1159 2086 Wir
1204 2027 1427 2087 erlauben
1472 2030 1554 2090 uns
1591 2030 1673 2090 Sie
1710 2032 1763 2092 zu
1807 2033 2008 2093 bitten,
2045 2036 2127 2096 uns
2172 2038 2283 2098 Ihre
2321 2041 2588 2101 Stellung-

785 2125 923 2185 nahme
959 2126 1309 2186 gelegentlich
1360 2129 1585 2189 zukommen
1629 2132 1672 2192 zu
1716 2134 1920 2194 lassen.
1956 2137 2043 2197 Wir
2079 2138 2218 2198 geben
2262 2141 2400 2201 Ihnen
2444 2143 2589 2203 hier-

770 2228 853 2288 mit
891 2227 1064 2287 unsere
1108 2228 1407 2288 Auffassung
1451 2231 1562 2291 kund
1606 2233 1623 2293 ;

971 2323 997 2383 V
1083 2326 1136 2386 1.
1179 2329 1257 2389 Der
1292 2333 1890 2393 Rechtsunterzeichnete
1933 2337 2012 2397 hat
2055 2338 2133 2398 den
2168 2342 2402 2402 Votanten
2445 2346 2523 2406 auf

776 2378 916 2438 Grund
964 2379 1104 2439 einer
1143 2380 1370 2440 fr端heren
1409 2383 1737 2443 R端cksprache
1777 2385 1862 2445 mit
1893 2387 2042 2447 Herrn
2082 2390 2285 2450 Ryniker
2324 2395 2558 2455 geantwor

783 2431 890 2491 tet,
933 2431 1041 2491 dass
1084 2431 1155 2491 die
1199 2431 1493 2491 Herausgabe
1536 2434 1680 2494 eines
1716 2437 2011 2497 Fahrplanes
2053 2442 2161 2502 sich
2204 2444 2340 2504 wegen
2384 2447 2613 2507 Verhand-

780 2481 946 2541 lungen
984 2482 1128 2542 betr.
1166 2485 1461 2545 Konzession
1506 2486 1651 2546 nicht
1689 2489 1795 2549 habe
1840 2492 2158 2552 erm旦glichen
2203 2496 2408 2556 lassen.
2446 2499 2521 2559 Wir

781 2533 890 2593 sind
927 2534 1095 2594 jedoch
1139 2534 1227 2594 der
1263 2537 1592 2597 Auffassung,
1629 2540 1738 2600 dass
1782 2542 1834 2602 es
1877 2544 1980 2604 auch
2023 2545 2067 2605 in
2111 2547 2308 2607 unserem
2359 2549 2615 2609 Interesse

776 2584 973 2644 gelegen
1015 2584 1198 2644 h辰tte,
1233 2585 1339 2645 wenn
1381 2587 1458 2647 dem
1501 2589 1733 2649 Publikum
1775 2593 2071 2653 wenigstens
2113 2596 2191 2656 ein
2233 2598 2493 2658 provisori

782 2634 916 2694 scher
949 2636 1184 2696 Fahrplan
1230 2638 1371 2698 h辰tte
1411 2639 1672 2699 abgegeben
1712 2642 1887 2702 werden
1933 2646 2127 2706 k旦nnen.

1073 2741 1140 2801 2.

1172 2740 1243 2800 Von
1286 2741 1365 2801 den
1408 2744 1788 2804 Verhandlungen
1830 2747 2059 2807 zwischen
2102 2750 2182 2810 dem
2224 2754 2546 2814 Gemeinderat

769 2788 1101 2848 Kaiseraugst
1139 2790 1214 2850 und
1260 2791 1434 2851 Ihnen,
1471 2794 1638 2854 hatten
1683 2796 1766 2856 wir
1804 2798 1940 2858 schon
1985 2800 2159 2860 vorher
2197 2804 2432 2864 Kenntnis
2477 2806 2552 2866 er-

773 2841 976 2901 halten.
1014 2839 1097 2899 Wir
1135 2839 1400 2899 begreifen
1437 2842 1573 2902 Ihren
1618 2848 1951 2908 Standpunkt,
1988 2853 2094 2913 denn
2140 2856 2246 2916 auch
2291 2858 2488 2918 w辰hrend
2533 2860 2608 2920 un-

767 2887 902 2947 seres
942 2887 1206 2947 Betriebes
1246 2890 1334 2950 war
1373 2892 1660 2952 derd旦rtige
1709 2897 1908 2957 Verkehr
1948 2902 2187 2962 schwach.
2226 2905 2339 2965 Aber
2378 2907 2458 2967 ge-

771 2937 878 2997 rade
920 2940 1127 3000 deshalb
1168 2943 1368 3003 scheint
1409 2946 1516 3006 uns,
1559 2947 1666 3007 dass
1707 2950 2031 3010 Kaiseraugst
2073 2953 2180 3013 eine
2222 2957 2545 3017 fakultative

767 2992 1125 3052 Haltestelle,
1159 2995 1460 3055 vielleicht
1502 2998 1579 3058 nur
1613 2999 1699 3059 bei
1742 3001 1819 3061 der
1853 3004 2153 3064 Bergfahrt,
2187 3010 2512 3070 zugestanden

768 3042 941 3102 werden
985 3044 1196 3104 k旦nnte.
