2923 3608
1009 503 1064 563 3.

1094 511 1388 571 Angesichts
1431 509 1508 569 der
1552 509 1750 569 grossen
1798 509 1996 569 Distanz
2039 509 2270 569 zwischen
2319 511 2391 571 den

708 561 782 621 von
821 560 1205 620 Gutsituierten
1254 559 1509 619 bewohnten
1553 559 1843 619 Quartieren
1887 559 2123 619 Gellert,
2162 560 2241 620 St.
2251 560 2388 620 Alban

716 613 785 673 und
827 612 906 672 der
943 611 1144 671 grossen
1187 608 1456 668 Ortschaft
1494 608 1784 668 Birsfelden
1832 608 1906 668 und
1948 608 2028 668 der
2070 610 2425 670 Schifflände,

707 664 899 724 scheint
939 662 1021 722 uns
1066 662 1142 722 das
1183 661 1416 721 Begehren
1462 661 1537 721 den
1578 661 1933 721 Landungssteg
1979 661 2151 721 Breite
2191 661 2237 721 zu
2288 660 2455 720 bedie-

704 715 774 775 nen
820 713 1144 773 berechtigt.
1185 712 1291 772 Auch
1337 712 1453 772 hier
1494 712 1661 772 könnte
1702 712 2001 772 wenigstens
2041 712 2123 772 bei
2163 712 2244 772 der
2285 712 2391 772 Berg

708 763 847 823 fahrt
886 763 957 823 dem
1005 761 1207 821 Wunsche
1250 761 1725 821 entgegengekommen
1768 761 1975 821 werden.

1011 865 1051 925 Zu
1096 864 1172 924 den
1213 863 1415 923 Punkten
1461 863 1476 923 2
1527 863 1557 923 &
1587 863 1602 923 3
1643 863 1871 923 bemerken
1916 863 2028 923 wir,
2073 863 2179 923 dass
2220 865 2332 925 nach
2372 865 2544 925 unser-

712 916 752 976 er
791 916 1052 976 Abmachung
1101 914 1174 974 Sie
1219 913 1292 973 den
1342 913 1544 973 Betrieb
1588 911 1662 971 auf
1711 911 1784 971 der
1829 911 2026 971 Strecke
2070 914 2576 974 Basel-Rheinfelden

711 964 745 1024 im
793 964 960 1024 Umfang
1009 964 1205 1024 unserer
1244 962 1542 1022 Leistungen
1590 962 2061 1022 aufrechterhalten
2104 964 2305 1024 werden.
2344 964 2420 1024 Nun
2473 966 2579 1026 sind

708 1016 841 1076 durch
885 1015 964 1075 uns
1008 1015 1087 1075 die
1126 1013 1480 1073 Haltestellen
1524 1013 1879 1073 Basel-Breite
1923 1013 1997 1073 und
2041 1013 2366 1073 Kaiseraugst
2410 1015 2483 1075 be-

706 1066 849 1126 dient
888 1064 1089 1124 worden,
1134 1064 1296 1124 sofern
1340 1064 1571 1124 Reisende
1620 1064 1724 1124 sich
1768 1064 1842 1124 zum
1891 1064 1999 1124 Ein-
2038 1066 2151 1126 oder
2190 1067 2480 1127 Aussteigen
2525 1068 2608 1128 mel

710 1118 875 1178 deten.
916 1117 994 1177 Die
1035 1117 1360 1177 Haltestelle
1401 1117 1571 1177 Breite
1612 1117 1752 1177 wurde
1798 1117 2087 1177 allerdings
2133 1118 2211 1178 bei
2252 1120 2329 1180 der
2371 1120 2479 1180 Tal-

708 1168 847 1228 fahrt
889 1169 997 1229 erst
1059 1169 1085 1229 n
1131 1168 1208 1228 ac
1250 1168 1271 1228 h
1343 1166 1844 1226 Basel-Schifflände
1891 1167 2216 1227 angefahren.

1005 1270 1051 1330 4.
1093 1270 1171 1330 Der
1212 1270 1810 1330 Rechtsunterzeichnete
1857 1271 1940 1331 hat
1981 1271 2023 1331 in
2069 1271 2148 1331 der
2194 1273 2516 1333 Generalver-

710 1324 929 1384 sammlung
976 1322 1148 1382 darauf
1190 1320 1545 1380 hingewiesen,
1591 1319 1694 1379 dass
1736 1320 1937 1380 unserer
1983 1322 2338 1382 Gesellschaft
2375 1324 2483 1384 kein

714 1373 844 1433 Recht
884 1375 1086 1435 zustehe
1162 1373 1237 1433 von
1283 1373 1419 1433 Ihnen
1464 1372 1787 1432 Aufschlüsse
1832 1372 1939 1432 über
1979 1372 2114 1432 Ihren
2160 1373 2513 1433 Betriebsteil

712 1423 1300 1483 "Personenschiffahrt"
1341 1424 1388 1484 zu
1435 1426 1729 1486 verlangen.
1765 1426 1878 1486 Wenn
1920 1426 1997 1486 Sie
2038 1425 2209 1485 jedoch
2255 1423 2451 1483 einver-

712 1477 898 1537 standen
951 1476 1090 1536 sind,
1133 1475 1267 1535 einen
1310 1475 1631 1535 Delegierten
1674 1475 1721 1535 zu
1769 1475 1970 1535 senden,
2008 1476 2176 1536 werden
2219 1477 2301 1537 wir
2343 1477 2477 1537 Ihnen

707 1526 845 1586 gerne
890 1526 994 1586 eine
1038 1526 1487 1586 Einladungskarte
1527 1528 1823 1588 zustellen.

1018 1622 1087 1682 Wir
1129 1624 1359 1684 erinnern
1406 1626 1481 1686 Sie
1529 1627 1571 1687 an
1614 1627 1790 1687 unsere
1832 1628 2034 1688 frühere
2072 1628 2248 1688 Bitte,
2290 1630 2370 1690 uns
2413 1631 2492 1691 die

706 1678 1238 1738 Personenfrequenzen
1283 1678 1425 1738 Ihres
1466 1678 1729 1738 Betriebes
1770 1678 1998 1738 zukommen
2044 1679 2094 1739 zu
2135 1681 2343 1741 lassen.
2378 1683 2429 1743 Es

702 1730 806 1790 wird
851 1732 965 1792 dies
1004 1732 1054 1792 zu
1098 1730 1479 1790 statistischen
1524 1729 1721 1789 Zwecken
1771 1730 2063 1790 gewünscht.

1005 1834 1051 1894 Zu
1098 1832 1446 1892 persönlichen
1493 1832 1696 1892 näheren
1736 1834 2091 1894 Ausführungen
2137 1835 2305 1895 obiger
2346 1835 2514 1895 Punkte

1487 1882 1736 1942 zeichnen

710 1885 814 1945 sind
855 1886 939 1946 wir
980 1885 1120 1945 gerne
1167 1882 1338 1942 bereit
1380 1882 1453 1942 und

1581 1984 1661 2044 mit
1703 1987 2055 2047 vorzüglicher
2098 1987 2417 2047 Hochachtung

1573 2109 1700 2169 Caaler
1723 2113 1866 2173 Persei

1581 2161 1639 2221 Der
1656 2165 1842 2225 Präcidant;

2275 2187 2390 2247 ührer:

1495 2230 1579 2290 119
1628 2240 1644 2300 2
1695 2247 1763 2307 16.
1779 2254 1963 2314 Krasker
2029 2260 2096 2320 ag
2129 2262 2264 2322 dolen
2296 2266 2548 2326 Celliager
2597 2275 2713 2335 teid
