2921 3610
472 424 647 484 BASLER
687 415 1642 475 PERSONENSCHIFFAHRTSGESELLSCHAFT

1706 568 1890 628 Basel,
1928 568 2012 628 den
2050 564 2142 624 17.
2172 560 2356 620 August
2395 560 2539 620 1935.

745 835 886 895 Herrn
924 835 1072 895 Fritz
1136 829 1476 889 Ritter

756 890 926 950 Basler
962 886 1424 946 Rheinschiffahrt
1452 883 1630 943 A.-G.-

1135 940 1176 1000 18

758 943 1028 1003 Basel

1183 1246 1261 1306 Wir
1304 1243 1469 1303 danken
1513 1240 1656 1300 Ihnen
1700 1238 1778 1298 für
1821 1236 1929 1296 Ihre
1965 1234 2173 1294 Antwort
2217 1234 2288 1294 vom
2338 1234 2510 1294 16.ct.

761 1327 1000 1387 bestens.
1034 1324 1110 1384 Wir
1161 1321 1418 1381 bedauern,
1461 1319 1537 1379 Sie
1580 1318 1717 1378 wegen
1759 1315 2152 1375 Militätdienst
2186 1312 2237 1372 an
2281 1310 2476 1370 unserer

760 1406 1296 1466 Generalversammlung
1340 1400 1482 1460 nicht
1527 1396 1781 1456 begrüssen
1825 1394 1877 1454 zu
1915 1394 2123 1454 können.

1190 1505 1484 1565 Vielleicht
1522 1502 1604 1562 ist
1643 1501 1695 1561 es
1733 1501 1876 1561 Ihnen
1915 1499 2118 1559 möglich
2163 1498 2269 1558 doch
2314 1496 2480 1556 jemand

759 1591 810 1651 zu
852 1591 929 1651 uns
972 1587 1298 1647 abzuordnen,
1332 1584 1443 1644 weil
1487 1582 1538 1642 in
1581 1579 1812 1639 früheren
1855 1575 2445 1635 Generalversammlungen

776 1671 999 1731 jeweilen
1043 1667 1212 1727 Fragen
1257 1664 1364 1724 über
1400 1663 1515 1723 Ihre
1551 1659 2005 1719 Betriebsführung
2041 1655 2272 1715 gestellt
2318 1651 2486 1711 worden

776 1750 914 1810 sind,
950 1746 1124 1806 welche
1161 1743 1244 1803 wir
1280 1741 1427 1801 nicht
1474 1737 1786 1797 beantworten
1832 1734 2071 1794 konnten.
2098 1731 2309 1791 Letztes
2347 1728 2456 1788 Jahr

772 1825 912 1885 wurde
948 1822 1220 1882 keinerlei
1255 1818 1493 1878 Auskunft
1528 1814 1827 1874 verlangt;
1862 1813 1940 1873 wir
1977 1810 2125 1870 hegen
2161 1809 2337 1869 einzig
2381 1806 2459 1866 die

766 1904 1133 1964 Befürchtung,
1162 1900 1279 1960 dass
1317 1899 1424 1959 sich
1463 1897 1579 1957 Herr
1618 1894 1792 1954 Wacker
1830 1891 1878 1951 in
1928 1887 2315 1947 Schweizerhall
2353 1884 2431 1944 und
2470 1882 2546 1942 die

768 1981 1035 2041 Vertreter
1076 1979 1155 2039 der
1194 1976 1433 2036 Gemeinde
1472 1972 1829 2032 Kaiseraugst,
1869 1969 2008 2029 wegen
2048 1966 2127 2026 der
2167 1964 2315 2024 nicht
2346 1960 2613 2020 fahrplan-

771 2062 1004 2122 mässigen
1046 2056 1309 2116 Bedienung
1351 2053 1432 2113 der
1473 2050 1738 2110 diesbezl.
1779 2045 2074 2105 Stationen,
2114 2041 2309 2101 äussern
2349 2038 2562 2098 werden.

1192 2164 1275 2224 Wir
1324 2161 1613 2221 überlassen
1654 2158 1704 2218 es
1745 2156 1886 2216 Ihrem
1927 2152 2232 2212 Gutdünken,
2266 2149 2348 2209 uns
2390 2147 2530 2207 einen

767 2249 936 2309 kurzen
975 2246 1185 2306 Bericht
1224 2242 1584 2302 einzusenden,
1623 2238 1762 2298 falls
1802 2236 1882 2296 Sie
1922 2233 2071 2293 nicht
2112 2230 2410 2290 vorziehen,
2440 2227 2579 2287 einen

758 2327 1026 2387 Vertreter
1073 2326 1120 2386 zu
1167 2325 1415 2385 stellen.

1587 2422 1676 2482 Mit
1717 2418 2072 2478 vorzüglicher
2106 2414 2434 2474 Hochachtung

1627 2546 1765 2606 Basler
1794 2531 2326 2591 Personenschiffahrtsgese

1876 2593 1935 2653 Der
1958 2588 2247 2648 Geschäftskührer:

794 3081 1059 3141 Beilage:

786 3134 1088 3194 Einladung.
