2845 3798
203 686 556 746 BASLER
632 688 1525 748 RHEINSCHIFFAHRT
1587 685 2632 745 AKTIENGESELLSCHAFT

1369 839 1554 899 BASEL
1594 842 1641 902 19

240 848 525 908 Fahrplanmässiger
551 853 766 913 Personenver¬

1836 854 2142 914 BASEL

801 863 929 923 NEUE
954 870 1223 930 ADRESSE:
1260 895 1694 955 Westqualstrasse
1733 892 1783 952 60

1836 910 2127 970 MARKTGASSE
2155 910 2165 970 5

241 911 309 971 kehr
336 910 408 970 nach
444 911 651 971 Rheinfelden,
678 913 768 973 Kraft¬

1822 965 2018 1025 TELEPHON
2063 965 2168 1025 24.790

236 971 311 1031 werk
345 973 769 1033 Kembs-Istein-Rheinweiler

1807 1024 1885 1084 den
1926 1027 2011 1087 21.
2053 1027 2235 1087 August
2271 1030 2418 1090 1935.

240 1036 752 1096 GESELLSCHAFTSFAHRTEN

232 1099 766 1159 ABENDFAHRTEN

511 1175 599 1235 R/J

1262 1225 1426 1285 Basler
1471 1225 2480 1285 Personenschiffahrts-Gesellschaft,

1255 1276 1366 1336 z.H.
1410 1274 1487 1334 des
1525 1273 1675 1333 Herrn
1713 1274 2017 1334 Oettinger,

1266 1321 1600 1381 Basel.

901 1525 973 1585 Auf
1018 1525 1125 1585 Ihre
1169 1525 1438 1585 Zuschrift
1483 1525 1556 1585 vom
1601 1525 1679 1585 17.
1724 1525 1904 1585 August
1942 1525 2111 1585 teilen
2150 1525 2234 1585 wir
2279 1526 2413 1586 Ihnen

596 1625 708 1685 mit,
751 1624 858 1684 dass
901 1624 1072 1684 ausser
1120 1624 1195 1684 dem
1243 1624 1809 1684 Erstunterzeichneten
1852 1624 2061 1684 niemand
2103 1625 2146 1685 da
2188 1625 2301 1685 ist,
2349 1624 2424 1684 der

588 1726 691 1786 über
736 1726 812 1786 den
855 1724 1676 1784 Personenschiffahrts-Betrieb
1720 1726 1764 1786 im
1813 1726 2015 1786 letzten
2059 1726 2168 1786 Jahr
2207 1724 2447 1784 Auskunft

597 1829 723 1889 geben
770 1828 913 1888 kann.
954 1828 1034 1888 Wie
1080 1828 1223 1888 Ihnen
1264 1826 1471 1886 bekannt
1511 1826 1627 1886 ist,
1667 1826 1753 1886 ist
1788 1826 1896 1886 Herr
1943 1825 2207 1885 Groschupf
2247 1825 2397 1885 nicht

597 1928 699 1988 mehr
748 1927 829 1987 bei
867 1927 948 1987 uns
991 1927 1067 1987 und
1110 1927 1191 1987 der
1230 1927 1375 1987 Herr,
1418 1927 1613 1987 welcher
1657 1927 1765 1987 sich
1813 1927 1954 1987 jetzt
1986 1927 2073 1987 mit
2111 1926 2187 1986 der
2230 1925 2495 1985 Personen-

591 2029 882 2089 schiffahrt
922 2027 1276 2087 beschäftigt,
1322 2027 1396 2087 war
1442 2027 1642 2087 letztes
1688 2027 1797 2087 Jahr
1836 2026 1951 2086 noch
1991 2026 2140 2086 nicht
2180 2026 2225 2086 in
2271 2024 2437 2084 unserm

591 2128 796 2188 Dienst.
836 2128 916 2188 Wir
961 2128 1196 2188 glauben,
1236 2128 1344 2188 dass
1390 2126 1555 2186 ausser
1601 2125 1732 2185 Herrn
1755 2125 1926 2185 Wacker
1973 2123 2046 2183 und
2093 2123 2167 2183 den
2212 2123 2384 2183 Herren
2429 2123 2509 2183 aus

590 2229 916 2289 Kaiseraugst
955 2228 1157 2288 niemand
1203 2227 1444 2287 Auskunft
1484 2227 1590 2287 über
1635 2225 1714 2285 die
1753 2224 2304 2284 Personenschiffahrt
2343 2224 2607 2284 verlangen

600 2329 759 2389 wird.

895 2432 965 2492 Die
1011 2431 1455 2491 fahrplanmässige
1502 2428 1765 2488 Bedienung
1812 2426 1887 2486 der
1929 2426 2133 2486 Station
2173 2425 2594 2485 Schweizerhalle

595 2533 763 2593 musste
809 2531 1134 2591 eingestellt
1175 2530 1378 2590 werden,
1419 2528 1529 2588 weil
1570 2528 1831 2588 sozusagen
1877 2527 2016 2587 keine
2057 2527 2289 2587 Frequenz
2336 2527 2591 2587 vorhanden

596 2632 701 2692 war.
745 2632 790 2692 Es
834 2631 924 2691 hat
957 2630 1123 2690 keinen
1173 2629 1279 2689 Sinn
1323 2629 1463 2689 wegen
1507 2627 1640 2687 einem
1685 2627 1796 2687 oder
1840 2627 2007 2687 keinem
2051 2626 2313 2686 Passagier
2357 2626 2435 2686 auf
2485 2626 2557 2686 der

597 2732 830 2792 Talfahrt
871 2732 1192 2792 aufzudrehen
1240 2731 1318 2791 und
1359 2731 1377 2791 5
1419 2731 1621 2791 Minuten
1663 2729 1711 2789 zu
1752 2728 2050 2788 verlieren,
2091 2728 2140 2788 da
2181 2726 2264 2786 das
2306 2726 2532 2786 Publikum

604 2834 797 2894 sowieso
840 2832 979 2892 schon
1021 2831 1348 2891 reklamiert,
1391 2830 1499 2890 dass
1541 2830 1621 2890 die
1663 2828 1808 2888 Fahrt
1845 2828 1953 2888 nach
1996 2827 2316 2887 Rheinfelden
2365 2825 2444 2885 und
2486 2824 2559 2884 zu-

595 2933 702 2993 rück
744 2932 858 2992 viel
899 2932 948 2992 zu
989 2932 1127 2992 lange
1174 2932 1354 2992 daure.
1389 2930 1467 2990 Wir
1509 2929 1682 2989 werden
1730 2929 1801 2989 die
1850 2928 2053 2988 Station
2094 2927 2506 2987 Schweizerhalle

598 3034 681 3094 für
723 3032 955 3092 Vereine,
996 3031 1407 3091 Gesellschaften
1460 3029 1532 3089 und
1574 3029 1776 3089 Schulen
1818 3028 1931 3088 nach
1973 3027 2056 3087 wie
2098 3026 2175 3086 vor
2217 3025 2484 3085 bedienen.

596 3139 668 3199 Wir
703 3137 852 3197 haben
900 3136 1013 3196 auch
1055 3135 1258 3195 letztes
1299 3134 1406 3194 Jahr
1448 3133 1841 3193 festgestellt,
1883 3133 1990 3193 dass
2032 3132 2116 3192 die
2151 3131 2538 3191 Hauptfrequenz

610 3235 680 3295 von
723 3236 1134 3296 Gesellschaften
1183 3236 1263 3296 und
1302 3235 1502 3295 Schulen
1545 3234 1718 3294 stammt
1762 3233 1837 3293 und
1880 3232 2286 3292 Einzelreisende
2334 3232 2443 3292 sehr
2491 3232 2594 3292 sel-

611 3340 682 3400 ten
733 3338 905 3398 waren.

2390 3382 2403 3442 2
2453 3379 2472 3439 -

287 3467 329 3527 Wir
350 3467 399 3527 sind
424 3466 463 3526 die
488 3466 615 3526 modernst
633 3464 803 3524 ausgerüstete
831 3464 1028 3524 Schweizerische
1057 3464 1255 3524 Rheinreederel
1272 3464 1315 3524 mit
1333 3464 1358 3524 42
1379 3464 1485 3524 eigenen
1513 3464 1612 3524 Schiffen
1640 3464 1683 3524 und
1707 3464 1757 3524 7200
1781 3464 1972 3524 Dieselmotoren
1997 3464 2022 3524 P.
2036 3465 2061 3525 S.
2075 3466 2167 3526 (wovon
2188 3466 2238 3526 6500
2259 3466 2283 3526 P.
2294 3466 2319 3526 S.
2333 3467 2556 3527 Sulzermotoren).

287 3502 487 3562 Schnellverkehr
500 3501 614 3561 zwischen
637 3500 992 3560 Schweiz-Nordsee-Schweiz
1010 3500 1042 3560 für
1056 3499 1138 3559 Stück-
1152 3499 1192 3559 und
1211 3499 1388 3559 Massengüter
1397 3499 1457 3559 aller
1470 3499 1520 3559 Art.
1534 3500 1648 3560 Kürzeste
1666 3500 1826 3560 Reisedauer,
1835 3500 1930 3560 zuverl.
1940 3502 2135 3562 Durchführung,
2144 3502 2381 3562 konkurrenzfählge
2399 3503 2558 3563 Frachtsätze.

490 3538 665 3598 Vertreiungen
686 3538 747 3598 oder
764 3538 1053 3598 Tochtergesellschaften
1073 3536 1089 3596 in
1109 3536 1274 3596 Antwerpen,
1285 3536 1440 3596 Rotterdam,
1450 3536 1698 3596 Dulsburg-Ruhrort,
1708 3536 1780 3596 Köln,
1791 3536 1946 3596 Mannheim,
1961 3538 2101 3598 Karlsruhe,
2111 3538 2184 3598 Kehl,
2194 3540 2348 3600 Strassburg.
