2845 3798
1409 266 1435 326 3

852 421 894 481 Zu
936 422 1080 482 Ihrer
1122 424 1475 484 Orientierung
1523 425 1696 485 diene,
1739 427 1846 487 dass
1888 427 1966 487 wir
2014 428 2217 488 letztes
2260 428 2403 488 Jahr,

581 523 799 583 trotzdem
850 524 931 584 wir
971 524 1085 584 eine
1125 524 1235 584 gute
1280 526 1453 586 Saison
1493 526 1665 586 hatten
1711 526 1791 586 und
1831 527 1946 587 auch
1986 527 2159 587 unsere
2199 528 2405 588 Reklame

581 625 692 685 viel
734 625 1057 685 ausgebauter
1099 625 1173 685 war
1221 626 1300 686 als
1342 626 1390 686 in
1432 626 1633 686 frühern
1675 626 1844 686 Jahren
1887 628 2114 688 wiederum
2162 626 2299 686 einen
2341 626 2420 686 Be-

586 724 968 784 triebsverlust
1007 725 1079 785 von
1123 725 1206 785 Fr.
1250 727 1477 787 15,000.-
1516 728 1721 788 hatten,
1766 728 1959 788 welchen
2004 728 2087 788 wir
2131 728 2203 788 aus
2248 727 2325 787 den
2369 725 2447 785 Er-

590 826 872 886 trägnissen
915 826 1117 886 unseres
1160 826 1762 886 Speditionsgeschäftes
1804 827 1970 887 decken
2013 829 2252 889 mussten.

852 925 954 985 Alle
1001 927 1327 987 diejenigen,
1367 928 1442 988 die
1493 928 1596 988 über
1642 928 1809 988 unsern
1854 928 2060 988 Betrieb
2101 930 2461 990 reklamieren,

570 1027 736 1087 müssen
783 1027 887 1087 sich
935 1027 1075 1087 immer
1122 1027 1200 1087 vor
1242 1027 1382 1087 Augen
1424 1028 1632 1088 halten,
1674 1028 1778 1088 dass
1825 1030 1898 1090 wir
1950 1030 2023 1090 ein
2065 1030 2221 1090 nicht
2253 1028 2544 1088 subventio-

576 1126 773 1186 niertes
816 1126 1139 1186 Unternehmen
1188 1127 1330 1187 sind,
1373 1129 1450 1189 das
1494 1129 1603 1189 sich
1647 1129 1723 1189 als
1766 1130 2307 1190 Einzelunternehmen,
2351 1130 2465 1190 d.h.
2504 1130 2613 1190 wenn

584 1226 628 1286 es
667 1226 818 1286 nicht
857 1227 901 1287 an
945 1228 1024 1288 ein
1068 1229 1609 1289 Speditionsgeschäft
1648 1230 2010 1290 angegliedert
2044 1231 2189 1291 wäre,
2228 1231 2305 1291 gar
2351 1231 2501 1291 nicht

574 1330 908 1390 unterhalten
953 1328 1171 1388 könnte.

849 1427 921 1487 Wir
966 1429 1134 1489 bitten
1179 1430 1290 1490 Sie,
1336 1430 1475 1490 falls
1514 1430 1901 1490 Reklamationen
1951 1430 2023 1490 von
2068 1429 2208 1489 Herrn
2253 1429 2421 1489 Wacker
2471 1430 2549 1490 und

581 1528 653 1588 von
700 1528 1032 1588 Kaiseraugst
1063 1530 1421 1590 eintreffen,
1462 1531 1602 1591 diese
1644 1531 1789 1591 nicht
1831 1531 1940 1591 etwa
1981 1531 2028 1591 zu
2074 1529 2396 1589 begünstigen
2438 1528 2520 1588 mit

570 1630 836 1690 Rücksicht
875 1630 953 1690 auf
998 1631 1071 1691 die
1120 1631 1260 1691 Ihnen
1299 1631 1655 1691 geschilderte
1694 1631 2016 1691 finanzielle
2067 1631 2172 1691 Lage
2217 1630 2384 1690 dieser
2429 1629 2534 1689 Per-

576 1730 1085 1790 sonenschiffahrt.

845 1831 918 1891 Wir
963 1831 1201 1891 wünschen
1246 1831 1382 1891 Ihnen
1427 1831 1568 1891 guten
1613 1831 1823 1891 Verlauf
1862 1831 1942 1891 der
1987 1829 2557 1889 General-Versammlung

573 1933 652 1993 und
698 1933 970 1993 begrüssen
1015 1930 1100 1990 Sie

1623 2029 1773 2089 /mit
1816 2030 2173 2090 vorzüglicher
2215 2027 2548 2087 Hochachtung

1970 2079 2148 2139 BASLER

1580 2130 2026 2190 RAENSCHIFFAHRT
2066 2125 2612 2185 AKTIENGESELLSCHAFT

2106 2193 2239 2253 oaf

2156 2261 2570 2321 Vrnig

1658 2297 1685 2357 W
