2923 3605
1451 295 1463 355 -
1504 296 1522 356 2
1575 296 1592 356 -

1891 397 2191 457 Basel.
2291 394 2531 454 16.2.26.

740 397 885 457 Herrn
957 398 1333 458 Christ,

747 547 1498 607 sonenbeförderungsgeschäft
1537 545 1615 605 ein
1661 544 2137 604 Zusammenarbeiten
2182 544 2383 604 möglich
2434 545 2507 605 und

756 631 828 691 für
873 631 1012 691 beide
1056 632 1196 692 Teile
1235 632 1469 692 nützlich
1507 631 1652 691 wäre.
1691 631 1775 691 Wir
1819 631 1959 691 haben
2003 629 2109 689 eine
2153 628 2627 688 Geschäftsorgani-

757 724 953 784 sation,
997 722 1074 782 die
1117 721 1199 781 auf
1242 721 1318 781 das
1363 719 1935 779 Schiffahrtsgeschäft
1973 719 2354 779 zugeschnitten
2399 721 2513 781 ist,

754 812 828 872 die
871 811 1441 871 Personenbeförderung
1484 809 1591 869 wird
1638 809 1681 869 im
1729 809 1899 869 Sommer
1942 809 2017 869 von
2065 809 2208 869 einer
2251 811 2507 871 besondern

756 901 1284 961 Geschäftsabteilung
1329 899 1652 959 übernommen.
1692 899 1771 959 Das
1811 899 2077 959 Personal,
2117 899 2197 959 das
2242 899 2316 959 wir
2361 899 2440 959 für
2486 898 2622 958 unser

756 991 924 1051 Schiff
967 991 1286 1051 engagieren,
1329 991 1438 1051 wird
1481 989 2012 1049 selbstverständlich
2061 989 2131 1049 vön
2180 989 2261 1049 uns
2299 990 2380 1050 das
2429 991 2559 1051 ganze

750 1081 856 1141 Jahr
894 1081 1134 1141 benötigt
1178 1081 1251 1141 und
1295 1081 1645 1141 entsprechend
1690 1081 1985 1141 angestellt
2024 1081 2230 1141 werden.
2269 1081 2319 1141 Je
2357 1081 2469 1141 nach
2513 1081 2591 1141 der

754 1168 862 1228 Art,
906 1166 950 1226 in
993 1166 1075 1226 der
1118 1165 1194 1225 ein
1237 1165 1710 1225 Zusammenarbeiten
1759 1166 2079 1226 organisiert
2123 1165 2264 1225 wird,
2307 1165 2411 1225 sind
2454 1165 2535 1225 wir

757 1244 892 1304 unter
933 1243 1199 1303 Umständen
1239 1243 1346 1303 auch
1391 1243 1432 1303 in
1482 1243 1562 1303 der
1602 1243 1744 1303 Lage,
1783 1243 1862 1303 das
1902 1243 2135 1303 Personal
2180 1243 2260 1303 der
2305 1243 2679 1303 "Rheinfelden"

756 1337 827 1397 das
865 1336 1006 1396 ganze
1049 1336 1158 1396 Jahr
1202 1336 1310 1396 über
1354 1336 1403 1396 zu
1446 1336 1832 1396 beschäftigen.
1875 1337 1979 1397 Dies
2022 1337 2137 1397 wäre
2175 1336 2435 1396 natürlich
2485 1336 2587 1396 auch

758 1428 830 1488 für
875 1427 954 1487 die
993 1426 1542 1486 Personenschiffahrt
1586 1426 1660 1486 ein
1704 1427 1816 1487 sehr
1861 1427 2063 1487 grosser
2102 1427 2337 1487 Vorteil.

1298 1526 1374 1586 Wir
1418 1526 1834 1586 beabsichtigen,
1878 1528 1960 1588 mit
1999 1528 2168 1588 unserm
2217 1528 2387 1588 Schiff
2431 1528 2595 1588 diesen

750 1618 923 1678 Sommer
962 1616 1008 1676 im
1052 1616 1410 1676 Zusammenhang
1454 1616 1533 1676 mit
1578 1617 1656 1677 der
1695 1618 2137 1678 Internationalen
2187 1618 2511 1678 Ausstellung

750 1708 822 1768 für
861 1708 1347 1768 Binnenschiffahrt
1391 1709 1464 1769 und
1503 1711 2078 1771 Wasserkraftnutzung,
2117 1711 2251 1771 deren
2301 1708 2592 1768 Geschäfts-

756 1798 955 1858 leitung
1000 1798 1072 1858 von
1122 1796 1289 1856 unserm
1333 1796 1534 1856 Projekt
1578 1796 1711 1856 schon
1761 1796 1873 1856 seit
1911 1796 2078 1856 Wochen
2122 1798 2356 1858 Kenntnis
2395 1798 2506 1858 hat,
2550 1799 2595 1859 in

758 1888 830 1948 der
864 1888 1161 1948 Hauptsache
1206 1888 1284 1948 die
1323 1888 1682 1948 Hafenfahrten
1733 1889 1806 1949 und
1850 1889 2052 1949 Fahrten
2097 1889 2142 1949 in
2192 1889 2271 1949 der
2310 1889 2511 1949 näheren
2557 1888 2635 1948 Um-

753 1978 915 2038 gebung
962 1978 1034 2038 von
1076 1979 1219 2039 Basel
1261 1979 1314 2039 zu
1351 1981 1589 2041 pflegen,
1638 1981 1834 2041 (Märkt,
1882 1982 2080 2042 Istein,
2121 1982 2294 2042 Kembs,
2337 1984 2599 2044 Breisach,

758 2080 926 2140 Augst,
967 2081 1414 2141 Schweizerhalle,
1449 2081 1868 2141 Hafenfahrten).
1908 2080 2111 2140 Daneben
2158 2080 2321 2140 sollen
2368 2080 2472 2140 auch
2519 2081 2658 2141 Fahr-

754 2170 973 2230 tentnach
1020 2171 1313 2231 Strassburg
1360 2171 1679 2231 unternommen
1727 2171 1931 2231 werden.
1972 2171 2051 2231 Das
2093 2171 2207 2231 Boot
2250 2170 2333 2230 ist
2381 2170 2516 2230 etwas

749 2260 945 2320 stärker
989 2260 1067 2320 als
1113 2260 1191 2320 die
1235 2260 1650 2320 "Rheinfelden".
1695 2260 1740 2320 Da
1785 2260 1835 2320 es
1880 2260 1987 2320 auch
2026 2260 2233 2320 kleiner
2272 2261 2390 2321 ist,
2429 2260 2597 2320 dürfte

758 2347 802 2407 es
846 2347 957 2407 eine
996 2345 1141 2405 etwas
1180 2345 1413 2405 grössere
1458 2347 1902 2407 Geschwindigkeit
1947 2347 2208 2407 erhalten.
2247 2347 2386 2407 Diese
2431 2347 2692 2407 gestattet

763 2443 858 2503 auch
906 2443 1166 2503 unterhalb
1208 2443 1346 2503 Basel
1394 2443 1526 2503 einen
1574 2443 1802 2503 gewissen
1844 2443 2289 2503 Personenverkehr
2337 2443 2379 2503 zu
2427 2443 2655 2503 pflegen.

1295 2542 1340 2602 Da
1379 2542 1463 2602 wir
1508 2542 1580 2602 von
1625 2542 1765 2602 Herrn
1810 2542 2017 2602 Ryniker
2056 2542 2291 2602 erfahren
2330 2545 2509 2605 haben,

760 2639 859 2699 dass
900 2639 1012 2699 Herr
1052 2639 1140 2699 Dr.
1175 2639 1257 2699 Max
1304 2639 1503 2699 Vischer
1544 2639 1654 2699 sich
1708 2639 1783 2699 für
1824 2639 1994 2699 einige
2035 2641 2152 2701 Zeit
2193 2641 2234 2701 in
2280 2641 2356 2701 den
2404 2641 2573 2701 Ferien

755 2732 1016 2792 befindet,
1060 2732 1104 2792 so
1143 2732 1315 2792 wenden
1359 2732 1437 2792 wir
1481 2732 1559 2792 uns
1604 2732 1686 2792 auf
1725 2732 1892 2792 Wunsch
1936 2732 2014 2792 von
2052 2734 2197 2794 Herrn
2241 2734 2324 2794 Dr.
2363 2736 2596 2796 Vischer,

756 2831 829 2891 den
873 2831 924 2891 er
964 2831 1104 2891 Herrn
1149 2833 1357 2893 Ryniker
1403 2833 1661 2893 gegenüber
1706 2833 1970 2893 geäussert
2010 2833 2122 2893 hat,
2168 2833 2212 2893 an
2257 2833 2370 2893 Sie,
2415 2833 2460 2893 um
2505 2834 2583 2894 von

763 2929 893 2989 Ihnen
937 2930 985 2990 zu
1023 2930 1203 2990 hören,
1247 2930 1290 2990 ob
1333 2930 1415 2990 die
1453 2930 2394 2990 Personenschiffahrtsgesellschaft
2432 2932 2601 2992 grund-

766 3028 987 3088 sätzlich
1032 3028 1202 3088 bereit
1241 3029 1383 3089 wäre,
1422 3029 1468 3089 in
1513 3029 1836 3089 irgendeiner
1882 3029 1984 3089 Form
2029 3031 2114 3091 mit
2154 3031 2233 3091 uns
2278 3031 2499 3091 zusammen
2545 3031 2595 3091 zu

754 3128 1017 3188 arbeiten.
1062 3127 1228 3187 Sollte
1274 3128 1382 3188 dies
1427 3128 1508 3188 der
1548 3128 1656 3188 Fall
1702 3128 1845 3188 sein,
1885 3128 1931 3188 so
1971 3128 2142 3188 würden
2188 3128 2485 3188 vielleicht
2525 3128 2604 3188 Be-

2314 3234 2389 3294 ./.
