2925 3609
1526 308 1533 368 2
1599 304 1621 364 -

2347 407 2569 467 4.3.26.

1744 409 2066 469 Basel.

716 404 861 464 Herrn
937 407 1316 467 Christ.

1486 449 1592 509 —--.

718 553 789 613 und
831 553 1128 613 Hafenfahrt
1171 554 1248 614 auf
1289 554 1367 614 dem
1408 554 1545 614 Rhein
1593 556 1676 616 ist
1718 556 1980 616 überhaupt
2021 557 2099 617 nur
2146 557 2408 617 rationell
2450 559 2497 619 zu

718 655 1106 715 organisieren,
1143 655 1250 715 wenn
1297 655 1378 715 die
1420 655 1617 715 Schiffe
1665 656 1920 716 gemeinsam
1968 656 2228 716 betrieben
2271 658 2473 718 werden.

1292 749 1375 809 Mit
1415 754 1680 814 Rücksicht
1725 755 1803 815 auf
1842 755 1984 815 diese
2029 755 2411 815 Ueberlegungen

720 845 943 905 erklären
995 845 1069 905 wir
1116 845 1195 905 uns
1236 847 1620 907 grundsätzlich
1666 847 1872 907 bereit,
1919 847 1993 907 für
2034 847 2114 907 die
2160 847 2274 907 Zeit
2315 847 2389 907 vom

708 944 752 1004 1.
792 944 904 1004 Juli
949 944 1123 1004 dieses
1162 944 1336 1004 Jahres
1381 944 1460 1004 bis
1499 946 1707 1006 Schluss
1746 946 1831 1006 der
1870 947 2622 1007 Personenschiffahrtssaison

717 1043 799 1103 ca.
838 1043 893 1103 1.
933 1045 1165 1105 Oktober,
1210 1046 1315 1106 eine
1354 1046 1952 1106 Betriebsgemeinschaft
1997 1046 2074 1106 mit
2113 1048 2196 1108 der
2240 1048 2495 1108 Personen-

708 1141 1406 1201 schiffahrtsgesellschaft
1445 1143 1774 1203 einzugehen.

1292 1235 1362 1295 Wir
1409 1238 1645 1298 glauben,
1680 1240 1798 1300 dass
1845 1240 1981 1300 diese
2022 1240 2475 1300 Betriebsgemein-

723 1336 889 1396 schaft
929 1336 1010 1396 für
1050 1336 1187 1396 beide
1234 1336 1377 1396 Teile
1423 1337 1687 1397 annehmbar
1728 1339 1865 1399 wäre,
1905 1339 2020 1399 wenn
2066 1340 2141 1400 sie
2186 1340 2422 1400 folgende

723 1436 1131 1496 grundsätzliche
1172 1438 1345 1498 Punkte
1391 1438 1593 1498 regelt,
1633 1439 1714 1499 die
1760 1439 1898 1499 heute
1944 1439 2025 1499 mit
2071 1441 2203 1501 Ihnen
2255 1441 2543 1501 besprochen

717 1535 933 1595 wurden:

712 1637 764 1697 1.
803 1634 1137 1694 Gemeinsamer
1176 1636 1420 1696 Betrieb:

1293 1735 1331 1795 a.
1375 1736 1456 1796 Die
1500 1738 1707 1798 Leitung
1751 1738 1833 1798 des
1876 1738 2203 1798 gemeinsamen
2253 1738 2519 1798 Betriebes

717 1829 824 1889 wird
869 1829 1011 1889 einer
1051 1831 1250 1891 kleinen
1290 1832 1619 1892 Kommission,
1664 1832 1919 1892 bestehend
1965 1832 2044 1892 aus
2089 1833 2135 1893 je
2175 1834 2192 1894 1
2237 1834 2311 1894 bis
2356 1834 2379 1894 2
2418 1834 2583 1894 Herren

717 1930 787 1990 von
836 1930 972 1990 jeder
1021 1931 1402 1991 Gesellschaft,
1446 1933 1767 1993 übertragen.
1810 1933 1951 1993 Diese
1995 1933 2310 1993 entscheiden
2365 1933 2620 1993 selbstän-

723 2032 796 2092 dig
841 2032 949 2092 über
995 2033 1103 2093 alle
1143 2033 1591 2093 Betriebsfragen.
1630 2032 1710 2092 Sie
1755 2032 1920 2092 setzen
1965 2032 2045 2092 die
2084 2033 2345 2093 Fahrpläne
2391 2035 2533 2095 fest,

719 2129 882 2189 ebenso
923 2131 1005 2191 wie
1045 2131 1122 2191 die
1168 2132 1494 2192 Fahrpreise.
1536 2132 1611 2192 Sie
1658 2132 1833 2192 führen
1873 2133 1950 2193 die
2002 2134 2195 2194 gesamte
2241 2134 2562 2194 Werbetätig-

722 2230 831 2290 keit
873 2230 1041 2290 durch.
1081 2230 1191 2290 Wenn
1238 2231 1313 2291 sie
1354 2231 1406 2291 es
1446 2231 1528 2291 für
1568 2231 1707 2291 nötig
1753 2233 2015 2293 erachten,
2055 2233 2165 2293 sind
2206 2234 2287 2294 sie
2328 2236 2652 2296 berechtigt.

722 2329 856 2389 einen
902 2329 1013 2389 Teil
1053 2330 1193 2390 ihrer
1233 2330 1530 2390 Befugnisse
1577 2332 1710 2392 einem
1751 2333 2141 2393 Betriebschef,
2181 2333 2257 2393 den
2303 2333 2378 2393 sie
2425 2335 2501 2395 er-

714 2429 917 2489 nennen,
960 2430 1010 2490 zu
1048 2431 1344 2491 übergeben.
1388 2431 1470 2491 Die
1509 2432 1738 2492 gesamten
1783 2432 1958 2492 Kosten
2007 2434 2084 2494 für
2127 2434 2199 2494 die
2243 2434 2511 2494 Betriebs-

717 2531 922 2591 leitung
968 2530 1099 2590 gehen
1150 2530 1224 2590 auf
1270 2530 1931 2590 Gemeinschaftsrechnung.

1286 2626 1334 2686 b.
1377 2626 1452 2686 Dem
1500 2627 2104 2687 Gemeinschaftsbetrieb
2147 2629 2254 2689 wird
2297 2629 2377 2689 von
2419 2629 2500 2689 der

718 2722 884 2782 Basler
928 2723 1862 2783 Personenschiffahrtsgesellschaft
1907 2725 1985 2785 das
2024 2725 2346 2785 vollständig
2391 2725 2468 2785 be-

716 2821 1082 2881 triebsbereite
1137 2824 1271 2884 gegen
1315 2824 1548 2884 Havarien
1593 2824 1915 2884 versicherte
1959 2824 2070 2884 Boot
2115 2824 2492 2884 "Rheinfelden"

722 2920 797 2980 zur
843 2922 1104 2982 Verfügung
1145 2923 1406 2983 gestellt.
1446 2923 1522 2983 Die
1568 2923 1741 2983 Basler
1783 2923 2529 2983 Rheinschiffahrt-Aktienge-

708 3016 1001 3076 sellschaft
1044 3017 1217 3077 stellt
1253 3019 1337 3079 das
1379 3020 1703 3080 vollständig
1744 3021 2229 3081 betriebsbereite,
2272 3022 2403 3082 gegen
2451 3022 2535 3082 Ha-

712 3118 879 3178 varien
926 3118 1248 3178 versicherte
1295 3119 1402 3179 Boot
1450 3119 1801 3179 "Vogel-Gryf"
1843 3121 1920 3181 zur
1962 3122 2259 3182 Verfügung.

1292 3214 1368 3274 Auf
1416 3216 2046 3276 Gemeinschaftsrechnung
2093 3218 2229 3278 gehen
2276 3218 2352 3278 die
2400 3218 2571 3278 Kosten

2341 3334 2420 3394 ./.
