2925 3602
1508 325 1533 385 4
1593 324 1603 384 -

2234 412 2453 472 4.3.26.

1720 418 2033 478 Basel.

701 424 842 484 Herrn
915 424 1289 484 Christ,

1957 455 1960 515 -

2087 462 2172 522 ——-

708 574 820 634 vor,
857 572 969 632 dass
1014 572 1089 632 die
1133 571 1514 631 "Rheinfelden"
1558 571 1671 631 5/9,
1716 571 1790 631 der
1836 569 2186 629 "Vogel-Gryf"
2231 565 2313 625 4/9
2351 563 2432 623 des

691 671 1086 731 Ueberschusses
1135 668 1340 728 erhält.

1280 760 1419 820 Diese
1458 757 1965 817 Verteilungszahlen
2009 755 2238 815 schlagen
2282 755 2360 815 wir
2405 757 2516 817 vor,

707 858 938 918 gestützt
983 857 1060 917 auf
1098 856 1233 916 einen
1278 856 1541 916 Vergleich
1586 854 1664 914 der
1702 853 2184 913 Erwerbsfähigkeit
2223 850 2306 910 der
2344 850 2511 910 beiden

714 958 935 1018 Schiffe.
980 956 1055 1016 Zum
1100 955 1359 1015 Vergleich
1403 953 1485 1013 der
1523 952 2003 1012 Erwerbsfähigkeit
2042 949 2181 1009 haben
2231 948 2307 1008 wir
2351 946 2522 1006 heran-

701 1058 897 1118 gezogen
943 1057 1022 1117 die
1068 1057 1265 1117 amtlich
1311 1054 1692 1114 festgestellte
1737 1051 2125 1111 Tragfähigkeit
2165 1049 2243 1109 der
2282 1049 2519 1109 Schiffe.

700 1156 834 1216 Diese
876 1156 962 1216 ist
1004 1156 1084 1216 für
1126 1156 1199 1216 die
1248 1153 1632 1213 "Rheinfelden"
1675 1151 1754 1211 mit
1796 1151 1875 1211 250
1918 1150 2149 1210 Personen
2199 1148 2552 1208 festgesetzt,

702 1255 776 1315 für
813 1256 894 1316 den
944 1256 1292 1316 "Vogel-Gryf"
1335 1255 1447 1315 soll
1490 1253 1571 1313 sie
1615 1252 1689 1312 ca.
1733 1251 1938 1311 180/200
1981 1249 2205 1309 Personen
2249 1249 2521 1309 betragen.

711 1352 786 1412 Wir
826 1354 966 1414 haben
1012 1354 1180 1414 ferner
1221 1352 1268 1412 in
1308 1352 1546 1412 Betracht
1592 1351 1784 1411 gezogen
1831 1349 2091 1409 diejenige
2132 1348 2520 1408 Personenzahl,

706 1453 778 1513 die
826 1453 990 1513 bequem
1039 1452 1118 1512 auf
1160 1451 1482 1511 Sitzplätzen
1531 1447 1913 1507 untergebracht
1950 1445 2119 1505 werden
2162 1445 2308 1505 kann.
2351 1445 2490 1505 Unter

710 1552 1185 1612 Berücksichtigung
1224 1551 1307 1611 der
1345 1549 1635 1609 Feldsessel
1680 1546 1763 1606 hat
1802 1545 1879 1605 die
1924 1544 2310 1604 "Rheinfelden"
2348 1544 2431 1604 ca.

714 1652 789 1712 180
829 1651 1156 1711 Sitzplätze,
1197 1650 1278 1710 der
1320 1648 1673 1708 "Vogel-Gryf"
1714 1647 1823 1707 soll
1864 1646 1946 1706 ca.
1986 1645 2069 1705 150
2102 1644 2252 1704 feste
2293 1642 2429 1702 Sitz-

714 1751 875 1811 plätze
920 1750 1185 1810 erhalten.
1224 1748 1365 1808 Unter
1405 1746 1882 1806 Berücksichtigung
1927 1744 2101 1804 dieser
2140 1741 2494 1801 Verhältnisse

702 1843 869 1903 kommen
919 1843 994 1903 wir
1037 1841 1086 1901 zu
1129 1841 1204 1901 dem
1254 1841 1353 1901 oben
1409 1839 1664 1899 erwähnten
1707 1835 2340 1895 Verteilungsvorschlag.
2384 1834 2458 1894 Wir

716 1933 850 1993 haben
896 1933 1037 1993 dabei
1075 1933 1217 1993 nicht
1261 1930 1704 1990 berücksichtigt,
1743 1928 1858 1988 dass
1897 1927 1974 1987 der
2025 1927 2372 1987 "Vogel-Gryf"

714 2030 913 2090 infolge
959 2030 1130 2090 seiner
1170 2029 1426 2089 grösseren
1471 2026 1956 2086 Maschinenstärke,
1996 2024 2167 2084 seines
2207 2023 2469 2083 kleineren

715 2125 1128 2185 Schiffskörpers
1171 2123 1246 2183 und
1295 2122 1461 2182 seiner
1505 2121 1671 2181 ganzen
1714 2119 1893 2179 Bauart
1930 2117 2011 2177 das
2048 2116 2282 2176 raschere
2325 2116 2497 2176 Schiff

715 2221 817 2281 sein
865 2221 1009 2281 wird,
1050 2219 1125 2279 als
1166 2218 1249 2278 die
1297 2215 1707 2275 "Rheinfelden".
1748 2212 1831 2272 Was
1871 2212 1954 2272 die
1995 2210 2317 2270 Ausstattung
2364 2209 2439 2269 der

714 2311 883 2371 beiden
924 2312 1128 2372 Schiffe
1169 2311 1496 2371 anbetrifft,
1537 2308 1584 2368 so
1631 2307 1800 2367 dürfte
1841 2306 1981 2366 diese
2028 2305 2110 2365 als
2145 2305 2506 2365 gleichwertig

711 2408 1002 2468 betrachtet
1038 2408 1245 2468 werden,
1282 2407 1391 2467 wenn
1440 2406 1580 2466 schon
1622 2404 1701 2464 die
1744 2404 2127 2464 "Rheinfelden"
2175 2402 2249 2462 ein
2297 2402 2406 2462 Jahr
2449 2402 2589 2462 älter

719 2509 801 2569 ist
841 2509 917 2569 als
964 2509 1039 2569 der
1088 2508 1470 2568 „Vogel-Gryf".
1504 2506 1558 2566 Es
1600 2504 1715 2564 darf
1756 2504 1865 2564 aber
1906 2502 2200 2562 vielleicht
2241 2501 2350 2561 doch
2391 2501 2438 2561 in

719 2609 948 2669 Betracht
979 2608 1182 2668 gezogen
1227 2607 1437 2667 werden,
1481 2605 1589 2665 dass
1627 2604 1709 2664 die
1747 2602 2052 2662 Rheinwerft
2090 2600 2255 2660 Walsum
2307 2600 2598 2660 jedenfalls

711 2707 754 2767 in
797 2707 940 2767 Bezug
984 2706 1065 2766 auf
1102 2705 1400 2765 Schiffsbau
1444 2704 1524 2764 der
1562 2702 1860 2762 Rheinwerft
1898 2702 2041 2762 Augst
2078 2701 2195 2761 weit
2233 2699 2494 2759 überlegen

719 2809 830 2869 ist.
867 2809 948 2869 Die
991 2806 1289 2866 Rheinwerft
1326 2804 1494 2864 Walsum
1543 2803 1648 2863 wird
1692 2802 1803 2862 auch
1847 2801 1983 2861 schon
2033 2800 2107 2860 aus
2151 2800 2560 2860 Reklamegründen

725 2911 857 2971 alles
900 2910 1014 2970 tun,
1052 2908 1095 2968 um
1139 2908 1221 2968 das
1265 2906 1435 2966 Schiff
1485 2905 1580 2965 auch
1624 2905 1674 2965 in
1718 2903 1888 2963 seiner
1932 2902 2403 2962 Innenausstattung
2448 2900 2617 2960 jeden-

712 3008 850 3068 falls
892 3007 977 3067 der
1019 3005 1404 3065 "Rheinfelden"
1446 3004 1807 3064 gleichwertig
1848 3002 1896 3062 zu
1938 3002 2149 3062 machen.

1295 3103 1367 3163 Wir
1408 3103 1611 3163 hoffen,
1653 3101 1766 3161 dass
1808 3100 1981 3160 unsere
2022 3098 2314 3158 Vorschläge
2356 3097 2439 3157 als
2481 3097 2588 3157 eine

725 3207 1012 3267 annehmbare
1059 3203 1533 3263 Diskussionsbasis
1573 3202 1653 3262 für
1693 3202 1774 3262 die
1814 3200 2167 3260 Ausarbeitung
2215 3199 2355 3259 eines
2395 3197 2655 3257 Betriebs-

2468 3331 2548 3391 ./.
