2922 3605
1450 297 1499 357 5
1549 296 1567 356 -

721 397 856 457 Herrn
929 398 1304 458 Christ.

2197 400 2415 460 4.3.26.

1651 400 1967 460 Basel.

713 547 1369 607 gemeinschaftsvertrages
1411 548 1582 608 dienen
1625 550 1833 610 werden.
1870 550 1950 610 Wir
1998 551 2131 611 sehen
2179 551 2318 611 Ihren

723 647 865 707 gefl.
899 646 1219 706 Nachrichten
1271 646 1471 706 herüber
1516 647 1653 707 gerne
1699 650 1962 710 entgegen.

1295 742 1459 802 Sollte
1502 743 1645 803 wider
1683 745 1918 805 Erwarten
1968 745 2038 805 ein
2088 746 2558 806 Zusammenarbeiten

725 833 800 893 aus
844 832 925 892 uns
963 832 1436 892 unverständlichen
1479 834 1681 894 Gründen
1724 835 1865 895 nicht
1909 836 2104 896 möglich
2148 838 2295 898 sein,
2338 838 2381 898 so
2425 838 2501 898 ge-

719 930 911 990 statten
957 931 1039 991 wir
1080 931 1191 991 uns,
1231 932 1406 992 darauf
1446 932 1801 992 hinzuweisen,
1843 934 1953 994 dass
1994 934 2075 994 bei
2122 934 2250 994 einem
2296 937 2617 997 allfälligen

722 1030 1168 1090 Konkurrenzkampf
1204 1030 1283 1090 das
1325 1031 1440 1091 Boot
1476 1031 1826 1091 "Vogel-Gryf"
1869 1033 2074 1093 infolge
2116 1034 2285 1094 seiner
2327 1036 2466 1096 viel-

714 1130 999 1190 seitigeren
1046 1132 1337 1192 Verwendung
1383 1132 1459 1192 und
1500 1133 1669 1193 seines
1710 1133 1826 1193 über
1867 1134 1943 1194 1/3
1983 1135 2309 1195 niedrigeren
2351 1135 2554 1195 Preises

715 1229 1006 1289 jedenfalls
1053 1229 1124 1289 dem
1172 1229 1285 1289 Boot
1326 1231 1706 1291 "Rheinfelden"
1747 1234 2038 1294 wesentlich
2085 1235 2346 1295 überlegen
2388 1237 2494 1297 ist.

722 1322 800 1382 Die
835 1324 1164 1384 wichtigsten
1206 1325 1594 1385 Landungsstege
1636 1325 1809 1385 Basel,
1850 1327 2024 1387 Augst,
2059 1327 2388 1387 Rheinfelden
2436 1328 2537 1388 sind

714 1417 784 1477 für
828 1419 937 1479 alle
981 1422 1280 1482 Schiffahrt
1318 1424 1612 1484 Treibenden
1656 1425 1828 1485 offen.
1872 1426 2165 1486 Zweifellos
2203 1426 2318 1486 wird
2362 1427 2470 1487 sich

725 1522 826 1582 auch
879 1522 956 1582 für
993 1523 1070 1583 die
1117 1523 1527 1583 Schweizerhalle
1575 1525 1652 1585 und
1694 1526 1771 1586 das
1812 1526 2044 1586 Waldhaus
2092 1528 2134 1588 in
2181 1528 2258 1588 dem
2306 1529 2656 1589 unerwünschte

716 1622 823 1682 Fall
869 1624 1006 1684 eines
1046 1625 1553 1685 Konkurrenzkampfes
1598 1625 1707 1685 eine
1752 1625 1827 1685 für
1872 1625 1952 1685 das
1992 1625 2106 1685 Boot
2151 1625 2499 1685 "Vogel-Gryf"

724 1715 1008 1775 brauchbare
1048 1717 1222 1777 Lösung
1262 1718 1344 1778 der
1384 1720 1918 1780 Landungsstegsfrage
1964 1720 2126 1780 finden
2173 1721 2375 1781 lassen.
2416 1723 2491 1783 Den

728 1810 920 1870 Schaden
965 1811 1042 1871 von
1087 1811 1222 1871 einem
1260 1813 1709 1873 Konkurrenzkampf
1755 1814 1889 1874 haben
1934 1816 2011 1876 die
2049 1816 2345 1876 Eigentümer
2384 1817 2467 1877 der

725 1906 880 1966 beiden
930 1907 1102 1967 Boote.
1141 1909 1191 1969 Es
1235 1909 1318 1969 ist
1357 1910 1462 1970 auch
1507 1910 1557 1970 zu
1595 1912 1923 1972 befürchten,
1962 1913 2073 1973 dass
2117 1913 2195 1973 die
2239 1913 2378 1973 ganze
2416 1913 2527 1973 Per-

715 2008 1156 2068 sonenschiffahrt
1199 2009 1243 2069 in
1287 2009 1585 2069 Misskredit
1628 2009 1796 2069 gerät,
1833 2011 1945 2071 wenn
1996 2011 2101 2071 eine
2145 2013 2530 2073 Verständigung

717 2102 859 2162 nicht
898 2104 1131 2164 zustande
1171 2105 1347 2165 kommt.
1387 2105 1466 2165 Aus
1506 2105 1671 2165 diesem
1722 2106 1892 2166 Grunde
1932 2107 2068 2167 haben
2113 2107 2193 2167 wir
2238 2108 2318 2168 uns
2358 2110 2562 2170 bemüht.

720 2197 852 2257 Ihnen
900 2202 1037 2262 einen
1085 2205 1343 2265 Vorschlag
1384 2206 1438 2266 zu
1480 2206 1683 2266 machen,
1726 2207 1803 2267 von
1851 2207 1923 2267 dem
1971 2207 2048 2267 wir
2090 2207 2294 2267 hoffen,
2335 2209 2449 2269 dass

727 2296 825 2356 auch
871 2296 947 2356 Sie
993 2296 1068 2356 ihn
1114 2297 1190 2357 als
1236 2297 1525 2357 annehmbare
1565 2299 1825 2359 Grundlage
1866 2300 1947 2360 zur
1988 2302 2277 2362 Diskussion
2323 2304 2462 2364 eines

713 2396 1625 2456 Betriebsgemeinschaftsvertrages
1672 2398 1871 2458 ansehen
1911 2401 2116 2461 werden.

1707 2489 2045 2549 Hochachtend

1805 2539 1979 2599 BASIER

1346 2577 1418 2637 RHE
1445 2590 2376 2650 INSCHIFFAHRT-AKTIENGESELLSCHAFT

1701 2690 1776 2750 Der
1820 2689 2102 2749 Piäsigt

1781 2789 1955 2849 CG
