2922 3589
628 803 706 863 6/1

1538 356 1714 416 Basel,
1750 358 1831 418 den
1875 358 1963 418 24.
2000 355 2110 415 März
2153 355 2300 415 1926.

2179 413 2281 473 roti

2097 750 2109 810 m
2196 749 2272 809 für
2310 751 2523 811 Binnen-

1387 752 1704 812 Intornation

1433 799 1734 859 schiffahrt

1879 799 2426 859 Wasserkraftnutzung

1807 851 2037 911 Dasene

2134 953 2234 1013 Dra
2253 955 2292 1015 s
2313 957 2353 1017 6
2374 963 2453 1023 1-

884 1050 1048 1110 triffe
1087 1049 1657 1109 Fersonenschiffahrt.

1798 1098 1849 1158 07

1306 1151 1387 1211 Wir
1430 1151 1716 1211 bestätigen
1767 1151 1841 1211 die
1885 1151 2244 1211 Ensprechung,
2280 1151 2361 1211 die
2397 1151 2478 1211 wir

803 1253 887 1313 vor
930 1252 1127 1312 einigen
1169 1252 1310 1312 Tagen
1353 1252 1437 1312 mit
1464 1252 1605 1312 Ihrem
1649 1252 1790 1312 Herrn
1832 1252 2072 1312 Direktor
2113 1252 2197 1312 Dr.
2227 1253 2465 1313 Krasting

806 1349 892 1409 und
931 1349 1067 1409 Herrn
1104 1349 1280 1409 Christ
1316 1349 1529 1409 hatten.
1566 1349 1615 1409 In
1653 1349 1827 1409 dieser
1864 1348 2188 1408 Besprechung
2225 1348 2313 1408 hat
2350 1349 2462 1409 Herr

802 1450 967 1510 Christ
1010 1451 1089 1511 den
1133 1451 1391 1511 Vorschlag
1434 1451 1665 1511 gemacht,
1708 1451 1816 1511 dass
1859 1450 1938 1510 ein
1981 1450 2549 1510 Ausstellungskomitee

806 1552 881 1612 die
919 1552 1093 1612 beiden
1138 1551 1335 1611 Schiffe
1380 1550 1758 1610 "Rheinfelden"
1804 1550 1879 1610 und
1932 1549 2279 1609 "Vogel-Gryf"
2318 1549 2393 1609 zum
2439 1548 2522 1608 Be-

810 1652 948 1712 trieb
992 1654 1282 1714 übernimmt.
1325 1654 1410 1714 Der
1443 1652 1712 1712 Vorschlag
1754 1652 1927 1712 sollte
1959 1652 2099 1712 einen
2141 1652 2227 1712 Weg
2259 1652 2474 1712 zeigen,

801 1751 883 1811 die
931 1751 1247 1811 bestehenden
1294 1751 1646 1811 persönlichen
1681 1750 2128 1810 Schwierigkeiten
2175 1750 2258 1810 auf
2293 1748 2468 1808 Seiten

801 1850 881 1910 der
921 1850 1885 1910 Personenschiffahrtsgesellschaft,
1917 1849 1998 1909 die
2038 1849 2118 1909 dem
2158 1847 2424 1907 Abschluss
2464 1846 2608 1906 einer

798 1951 1153 2011 vernünftigen
1199 1951 1795 2011 Betriebsgemeinschaft
1834 1949 2279 2009 entgegenstehen,
2318 1948 2370 2008 zu
2408 1948 2551 2008 über-

800 2051 1030 2111 winden.

1315 2150 1391 2210 Wir
1438 2149 1576 2209 haben
1614 2149 1699 2209 uns
1738 2149 1915 2209 bereit
1954 2149 2185 2209 erklärt,
2231 2149 2370 2209 unser
2408 2147 2524 2207 Boot

805 2251 911 2311 auch
960 2251 1033 2311 auf
1075 2251 1214 2311 diese
1255 2249 1336 2309 Art
1386 2249 1459 2309 und
1501 2249 1640 2309 Weise
1680 2249 1763 2309 zur
1803 2249 2065 2309 Verfügung
2106 2249 2188 2309 der
2229 2249 2548 2309 Ausstellung

798 2351 851 2411 zu
896 2351 1130 2411 stellen.
1168 2351 1251 2411 Wir
1289 2351 1455 2411 bitten
1500 2351 1614 2411 Sie,
1651 2351 1735 2411 uns
1772 2351 1916 2411 gefl.
1954 2350 2309 2410 mitzuteilen,
2347 2348 2399 2408 ob
2445 2347 2521 2407 und

808 2449 848 2509 in
888 2449 1098 2509 welcher
1138 2450 1243 2510 Form
1291 2450 1460 2510 dieser
1500 2449 1798 2509 Vorschlag,
1830 2449 1911 2509 der
1951 2447 2032 2507 von
2072 2447 2217 2507 Herrn
2257 2446 2434 2506 Christ
2467 2446 2579 2506 per-

804 2548 1000 2608 sönlich
1049 2549 1254 2609 gemacht
1286 2549 1458 2609 worden
1498 2549 1613 2609 ist,
1654 2548 1760 2608 auch
1809 2548 1882 2608 von
1924 2546 2005 2606 der
2047 2545 2643 2605 Personenschiffahrts-

808 2651 1164 2711 gesellschaft
1202 2645 1490 2705 angenommen
1528 2645 1710 2705 wurde.

1315 2744 1392 2804 Wir
1439 2746 1548 2806 sind
1587 2746 2126 2806 selbstverständlich
2165 2744 2368 2804 bereit,
2406 2744 2578 2804 andere

795 2846 1119 2906 Vorschläge,
1162 2846 1270 2906 wenn
1312 2846 1453 2906 wider
1496 2845 1729 2905 Erwarten
1770 2843 1879 2903 auch
1921 2842 2096 2902 dieser
2137 2842 2337 2902 unseres
2371 2843 2638 2903 Brachtens

808 2947 915 3007 gute
953 2945 1215 3005 Vorschlag
1261 2945 1338 3005 auf
1376 2944 1668 3004 Widerstand
1714 2944 1913 3004 stossen
1959 2944 2158 3004 sollte,
2197 2945 2243 3005 zu
2289 2945 2488 3005 prüfen.

806 3046 882 3106 Wir
929 3046 1120 3106 möchten
1167 3046 1405 3106 wirklich
1444 3046 1797 3106 unsererseits
1836 3044 1981 3104 alles
2020 3044 2135 3104 tun,
2174 3044 2220 3104 um
2266 3044 2373 3104 eine
2412 3044 2496 3104 Be-

804 3148 1369 3208 triebsgemeinschaft,
1406 3146 1490 3206 wie
1535 3146 1610 3206 sie
1648 3145 1701 3205 im
1746 3145 2002 3205 Interesse
2040 3143 2123 3203 der
2168 3143 2485 3203 Ausstellung

2375 3249 2465 3309 ./.
