2924 3605
1453 311 1474 371 2
1525 311 1546 371 -

1400 412 1475 472 für
1512 409 1998 469 Binnenschiffahrt
2043 407 2118 467 und
2156 406 2515 466 Wassorkraft-

590 424 1010 484 Internationale
1055 418 1366 478 Ausstellung

1728 462 2047 522 Basel.

966 473 1173 533 nutzung
1214 470 1366 530 Basel
1408 466 1559 526 1926.

587 620 967 680 wünschenswert
1010 620 1123 680 ist,
1157 619 1209 679 zu
1252 616 1608 676 ermöglichen.
1642 610 1815 670 Sollte
1859 607 1972 667 aber
2006 605 2153 665 trotz
2188 604 2360 664 unserm

590 719 1019 779 Eutgegenkommen
1048 718 1138 778 die
1167 713 1774 773 Betriebsgemeinschaft
1805 704 2101 764 scheitern,
2145 703 2191 763 so
2235 703 2426 763 glauben

614 818 900 878 Hirtdarauf
929 816 1130 876 rechnen
1172 814 1229 874 zu
1258 811 1473 871 dürfen,
1516 808 1617 868 dass
1660 806 1745 866 die
1774 800 2377 860 Einnahmegarantidvvon
2419 799 2590 859 Seiten

595 921 675 981 der
715 919 1067 979 Ausstellung,
1106 916 1188 976 wie
1227 913 1337 973 dies
1378 913 1428 973 ja
1478 911 1579 971 auch
1619 907 1909 967 seinerzeit
1950 904 2000 964 in
2050 904 2130 964 der
2161 902 2491 962 Besprechung

591 1018 647 1078 In
684 1019 919 1079 Aussicht
967 1016 1191 1076 genommen
1238 1013 1407 1073 worden
1444 1010 1566 1070 ist,
1603 1008 1688 1068 uns
1725 1006 1838 1066 voll
1875 1004 2082 1064 gewährt
2119 1003 2259 1063 wird.

1002 1114 1137 1174 Iren
1175 1112 1331 1172 gefil.
1350 1110 1679 1170 Nachrichten
1719 1107 1873 1167 Sehen
1911 1105 1989 1165 vir
2026 1103 2183 1163 Ferne
2220 1100 2452 1160 antgegen

765 1217 1001 1277 aerogn.

716 1718 757 1778 le
800 1717 841 1777 ne
884 1717 1241 1777 kertrelise
