2906 3608
1394 417 1564 477 Basel,
1583 418 1652 478 den
1703 416 1911 476 29.März
1961 416 2106 476 1926.

985 899 1130 959 Herrn
1265 901 1684 961 Dr.W.Krasting,

742 1003 1153 1063 Internationale
1200 1003 1522 1063 Ausstellung
1570 1003 1641 1063 für
1689 1003 2165 1063 Binnenschiffahrt
2212 1006 2290 1066 und

1018 1100 1576 1160 Wasserkraftnutzung
1620 1102 1770 1162 Basel
1814 1102 1933 1162 1926

1586 1252 1930 1312 Basel.

1027 1444 1097 1504 Ich
1144 1444 1402 1504 bestätige
1450 1445 1583 1505 Ihnen
1630 1444 1833 1504 dankend
1881 1444 1951 1504 den
1998 1444 2170 1504 Erhalt
2210 1444 2351 1504 Ihres

690 1546 983 1606 Schreibens
1029 1544 1109 1604 vom
1156 1544 1236 1604 26.
1276 1544 1389 1604 dies
1436 1544 1509 1604 und
1556 1544 1696 1604 teile
1743 1544 1883 1604 Ihnen
1929 1543 2043 1603 mit,
2056 1542 2163 1602 dass
2209 1540 2289 1600 die

687 1645 1070 1705 Besprechungen
1122 1643 1200 1703 mit
1246 1643 1629 1703 verschiedenen
1675 1643 1876 1703 unserer
1921 1640 2493 1700 Vorstandsmitglieder

683 1745 824 1805 wegen
869 1744 1005 1804 einer
1050 1742 1649 1802 Betriebsgemeinschaft
1694 1741 1862 1801 weiter
1906 1739 2106 1799 geführt
2145 1738 2357 1798 werden.

695 1848 771 1908 Ich
817 1846 1016 1906 glaube,
1039 1844 1146 1904 dass
1184 1843 1260 1903 wir
1306 1843 1575 1903 nächstens
1613 1841 1697 1901 mit
1742 1841 1881 1901 einem
1926 1840 2217 1900 Vorschlage
2263 1838 2431 1898 werden

694 1949 736 2009 an
785 1948 864 2008 Sie
901 1945 1231 2005 herantreten
1274 1943 1481 2003 können.

1569 2038 2050 2098 Hochachtungsvoll
