2920 3607
1429 404 1602 464 Basel,
1624 406 1696 466 den
1740 406 1941 466 29.März
1985 409 2122 469 1926.

934 889 1103 949 Basler
1148 892 2180 952 Rheinschiffahrt-Aktiengesellschaft

1365 991 1680 1051 Marktgasse
1727 994 1872 1054 5,III

1544 1144 1890 1204 Basel.

1037 1332 1424 1392 Zurückkommend
1470 1334 1543 1394 auf
1588 1336 1693 1396 Ihre
1739 1336 1903 1396 beiden
1950 1337 2212 1397 Schreiben
2258 1339 2337 1399 vom

699 1430 1003 1490 16.Februar
1050 1430 1125 1490 und
1172 1431 1219 1491 4.
1232 1432 1375 1492 März,
1388 1432 1523 1492 welch
1571 1433 1834 1493 letzteres
1875 1435 1956 1495 ich
1996 1436 2111 1496 erst
2152 1437 2199 1497 am
2246 1438 2328 1498 10.
2341 1439 2449 1499 dies

707 1529 937 1589 erhalten
974 1531 1123 1591 habe,
1142 1532 1398 1592 bestätige
1441 1532 1516 1592 ich
1565 1532 1702 1592 Ihnen
1752 1532 1827 1592 den
1871 1534 2076 1594 Empfang
2120 1534 2256 1594 Ihrer
2300 1534 2468 1594 Zeilen

707 1631 781 1691 vom
824 1631 1060 1691 24.crt.,
1103 1631 1239 1691 womit
1282 1631 1363 1691 Sie
1400 1631 1481 1691 mir
1524 1631 1666 1691 Copie
1709 1631 1852 1691 Ihres
1889 1631 2093 1691 Briefes
2136 1630 2180 1690 an
2230 1630 2310 1690 die

705 1732 1114 1792 Internationale
1157 1730 1478 1790 Ausstellung
1521 1729 1602 1789 für
1645 1729 2122 1789 Binnenschiffahrt
2166 1729 2246 1789 und
2283 1730 2642 1790 Wasserkraft.

712 1831 903 1891 nutzung
950 1829 1089 1889 Basel
1135 1827 1248 1887 1926
1293 1826 1617 1886 übermachen.

1038 1926 1114 1986 Ich
1155 1927 1301 1987 teile
1343 1927 1482 1987 Ihnen
1523 1925 1635 1985 mit,
1655 1925 1759 1985 dass
1800 1924 1877 1984 ich
1919 1924 2058 1984 meine
2099 1922 2397 1982 Bemühungen

707 2027 778 2087 für
829 2027 900 2087 den
945 2026 1210 2086 Abschluss
1255 2026 1390 2086 einer
1435 2023 2035 2083 Betriebsgemeinschaft
2080 2021 2376 2081 fortsetze,

712 2129 788 2189 und
833 2129 940 2189 dass
978 2128 1061 2188 ich
1100 2126 1283 2186 hoffe,
1321 2126 1366 2186 in
1412 2125 1488 2185 der
1526 2123 1762 2183 nächsten
1807 2122 1922 2182 Zeit
1959 2122 2165 2182 hierauf
2211 2120 2560 2180 zurückkommen

705 2230 757 2290 zu
801 2227 1240 2287 können.Immerhin
1285 2225 1396 2285 muss
1441 2225 1515 2285 ich
1559 2224 1700 2284 Ihnen
1745 2222 1849 2282 doch
1901 2221 2035 2281 jetzt
2079 2219 2221 2279 schon
2258 2218 2436 2278 sagen,

717 2333 823 2393 dass
864 2331 938 2391 die
979 2327 1307 2387 Widerstände
1348 2326 1552 2386 grösser
1593 2324 1642 2384 zu
1692 2323 1790 2383 sein
1840 2321 2101 2381 scheinen,
2118 2320 2191 2380 als
2233 2320 2314 2380 ich
2355 2318 2592 2378 glaubte.

1522 2420 2005 2480 Hochachtungsvoll
