2925 3607
2260 401 2503 461 21.6.R6.

1751 406 1852 466 Ba

624 410 768 470 Herrn
804 404 1013 464 Präsid:

652 563 801 623 tieder
837 560 1197 620 aufzadehmen.
1232 559 1311 619 Wir
1354 557 1556 617 möchten
1592 556 1680 616 uns
1723 556 1803 616 bis
1838 556 1979 616 dehin
2023 554 2286 614 gedalden.

1228 659 1284 719 7.
1325 659 1495 719 Zinige
1535 659 1649 719 Tage
1681 659 1803 719 nach
1843 658 1916 718 den
1965 658 2013 718 6.
2054 654 2167 714 Juni
2207 650 2288 710 tel

912 761 986 821 Dr.
1019 760 1251 820 Krasting
1293 758 1375 818 und
1417 757 1649 817 wünschte
1682 754 1765 814 mit
1807 754 1889 814 uns
1931 752 2039 812 eine
2080 751 2162 811 Des

758 761 843 821 Her

1456 855 1675 915 egenüber
1713 852 1797 912 der
1834 847 2434 907 Perscnenschiffahrts-

639 860 740 920 über
779 860 957 920 unsere
996 856 1383 916 Stellungnehne

654 958 1018 1018 gesellschaft.
1051 956 1192 1016 Diese
1233 955 1557 1015 Besprechung
1598 952 1706 1012 fand
1747 950 1896 1010 statt
1930 950 2161 1010 zwischen
2203 949 2344 1009 Herrn
2385 949 2525 1009 Grosc

747 1058 890 1118 Herrn
933 1059 1018 1119 Dr.
1051 1058 1322 1118 Krusting.
1356 1058 1441 1118 Sie
1483 1056 1661 1116 ergab,
1694 1054 1805 1114 dess
1847 1054 1923 1114 wir
1966 1051 2075 1111 nach
2117 1051 2202 1111 wie
2245 1049 2320 1109 vor
2363 1048 2540 1108 bereit

844 1159 984 1219 jeden
1029 1155 1319 1215 ehrlichen,
1354 1153 1706 1213 vernänftigen
1750 1153 2015 1213 Verschlag
2058 1150 2102 1210 zu
2147 1150 2287 1210 einem
2323 1146 2586 1206 Zusermen-

914 1255 1228 1315 anzunchnen.
1262 1256 1378 1316 Horr
1411 1256 1502 1316 Dr.
1535 1255 1767 1315 Krasting
1810 1252 2042 1312 äusserte
2083 1250 2191 1310 sich
2232 1249 2439 1309 hierauf

647 1357 962 1417 befriedigt.
997 1357 1058 1417 Er
1093 1356 1356 1416 bedauorte
1400 1354 1478 1414 die
1522 1354 1872 1414 schleppenden
1917 1351 2337 1411 Verhandlungen,
2371 1351 2459 1411 die
2503 1351 2581 1411 bis

642 1462 776 1522 jetzt
819 1460 869 1520 zu
904 1458 1082 1518 keinen
1123 1454 1361 1514 Resultat
1394 1452 1597 1512 geführt
1640 1453 1816 1513 haben.

1255 1555 1502 1615 Dienstag,
1540 1556 1618 1616 den
1656 1555 1749 1615 15.
1779 1554 1895 1614 Juni
1933 1552 2049 1612 fand
2088 1550 2196 1610 dann
2242 1550 2320 1610 die
2365 1552 2597 1612 eingangs

1005 1655 1325 1715 chliessende
1357 1657 1685 1717 Besprechung
1733 1654 1901 1714 statt.

1455 1852 1588 1912 suben
1630 1852 1750 1912 uns,
1791 1852 1925 1912 Ihnen
1967 1849 2051 1909 uns

1281 1953 1387 2013 über
1420 1954 1502 2014 die
1542 1954 1625 2014 Art
1665 1955 1748 2015 und
1788 1955 1961 2015 Weise,
2001 1955 2075 2015 wie
2124 1954 2198 2014 von
2239 1952 2321 2012 der
2362 1950 2476 2010 Fer-

2092 2047 2261 2107 oführt
2299 2048 2468 2108 worde:

648 2051 1482 2111 sonenschiffahrtsgesellschaft
1515 2053 1600 2113 die
1633 2052 2013 2112 Verhandlungen

640 2157 785 2217 sind.
821 2158 1120 2218 Währendden
1157 2157 1265 2217 Herr
1302 2156 1483 2216 Christ
1519 2155 1601 2215 von
1637 2153 1782 2213 Ihnen
1819 2152 1900 2212 als
1946 2151 2018 2211 dem
2063 2149 2390 2209 Früsidenten
2426 2146 2473 2206 de

634 2260 812 2320 Basler
846 2254 1779 2314 Ferwonenschiffahrtegesellschaft
1821 2252 1898 2312 uns
1932 2251 2197 2311 offiziell
2241 2251 2326 2311 als
2360 2251 2470 2311 Deie

636 2363 839 2423 gierter
881 2362 924 2422 zu
966 2360 1051 2420 den
1093 2358 1474 2418 Verhandlungen
1516 2354 1812 2414 bezeichnet
1846 2353 1990 2413 wurde
2032 2353 2117 2413 und
2151 2353 2244 2413 mit
2278 2353 2363 2413 uns
2396 2353 2482 2413 ver

645 2458 869 2518 handelte
913 2459 1025 2519 über
1068 2459 1172 2519 eine
1216 2458 1328 2518 enge
1362 2453 1994 2513 Betriebsgomeinschaft,
2028 2449 2288 2509 sicherten
2331 2450 2410 2510 Sie
2453 2452 2599 2512 sich,

643 2559 757 2619 ehne
789 2560 871 2620 uns
913 2560 1174 2620 irgendwie
1215 2557 1353 2617 davon
1395 2557 1444 2617 zu
1485 2552 1878 2612 verständigen,
1910 2550 1992 2610 die
2032 2548 2237 2608 Schiffe
2278 2548 2604 2608 "Albatros",

650 2659 874 2719 "Clarus"
915 2657 991 2717 und
1048 2656 1456 2716 "Unterwalden".
1489 2654 1538 2714 Es
1581 2653 1755 2713 musste
1796 2652 1929 2712 Ihnen
1979 2650 2079 2710 doch
2129 2648 2569 2708 selbstverstind-

643 2760 752 2820 lich
794 2759 996 2819 bekannt
1030 2757 1182 2817 sein,
1215 2756 1324 2816 dass
1367 2754 1510 2814 diese
1551 2752 1837 2812 Vermehrung
1880 2750 2023 2810 Ihres
2065 2749 2444 2809 Schiffsperkes
2486 2747 2528 2807 in

644 2857 968 2917 irgendeiner
1010 2857 1113 2917 Forn
1156 2857 1242 2917 die
1284 2857 1361 2917 von
1403 2856 1540 2916 Ihren
1583 2854 1908 2914 offiziellen
1951 2852 2267 2912 Dolegierten
2310 2849 2600 2909 gewünschte

639 2956 753 3016 enge
788 2953 1424 3013 Betriebsgemeinschaft,
1468 2950 1573 3010 über
1618 2950 1750 3010 deren
1794 2947 2209 3007 Zustandekommen
2252 2947 2305 3007 er
2341 2946 2429 3006 mit
2464 2945 2543 3005 uns

651 3055 967 3115 fortwährend
1008 3052 1366 3112 verhandelte,
1407 3049 1848 3109 beeinträchtigen
1890 3047 2089 3107 musste.
2131 3046 2214 3106 Sie
2255 3046 2388 3106 haben
2439 3046 2513 3106 uns

647 3153 853 3213 niemale
892 3152 1215 3212 mitgeteilt,
1254 3151 1363 3211 dass
1402 3149 1520 3209 Herr
1559 3148 1882 3208 Christricht
1923 3145 2030 3205 mehr
2070 3145 2158 3205 der
2197 3143 2491 3203 offisielle

2389 3245 2486 3305 ./.
