2925 3604
694 427 843 487 Blatt
884 430 963 490 II.

685 578 761 638 die
799 578 972 638 Herren
1017 580 1222 640 Christ,
1261 580 1536 640 Groschupf
1581 581 1658 641 und
1696 581 1779 641 Dr.
1818 580 2055 640 Krasting
2099 579 2388 639 teilnahmen
2439 577 2516 637 und

679 677 719 737 an
760 677 841 737 der
882 677 997 737 Herr
1037 677 1213 737 Christ
1255 677 1335 737 die
1376 677 1484 737 rein
1531 677 1857 737 persönliche
1898 677 2135 737 Anregung
2175 677 2317 737 einer
2365 679 2412 739 ad
2453 679 2534 739 hoc

688 776 738 836 zu
782 775 1129 835 bestellenden
1173 775 1463 835 Kommission
1513 776 1583 836 für
1633 776 1709 836 die
1753 776 2043 836 Uebernahme
2087 775 2163 835 des
2207 775 2440 835 Betriebs

694 874 887 934 während
935 875 1014 935 der
1051 875 1195 935 Dauer
1238 877 1317 937 der
1353 877 1680 937 Ausstellung
1716 878 1922 938 machte.
1965 877 2044 937 Der
2086 877 2158 937 von
2207 877 2371 937 unserm
2419 875 2528 935 Vor-

685 973 825 1033 stand
869 974 951 1034 für
990 976 1072 1036 die
1110 977 1497 1037 Verhandlungen
1541 977 1865 1037 eingesetzte
1904 976 2170 1036 Ausschuss
2215 976 2474 1036 beschloss
2519 977 2626 1037 aber

684 1076 827 1136 dann,
866 1077 1010 1137 diese
1041 1078 1280 1138 Anregung
1320 1078 1486 1138 fallen
1534 1078 1582 1138 zu
1621 1078 1828 1138 lassen,
1868 1077 2002 1137 dafür
2050 1076 2161 1136 aber
2201 1076 2280 1136 die
2320 1076 2463 1136 Miete
2503 1076 2582 1136 und

689 1174 1078 1234 Indienstnahme
1122 1174 1202 1234 des
1246 1174 1414 1234 "Vogel
1449 1175 1591 1235 Gryf"
1635 1175 1777 1235 durch
1821 1175 1989 1235 unsere
2025 1174 2388 1234 Gesellschaft
2423 1172 2476 1232 in
2521 1171 2626 1231 Vor-

688 1276 857 1336 schlag
901 1276 945 1336 zu
990 1277 1229 1337 bringen.
1264 1277 1379 1337 Herr
1425 1277 1593 1337 Christ
1637 1277 1868 1337 kündigte
1912 1277 2081 1337 diesen
2125 1277 2382 1337 Vorschlag
2426 1276 2595 1336 sowohl

684 1378 761 1438 der
796 1376 971 1436 Basler
1014 1376 1471 1436 Rheinschiffahrt
1505 1378 2052 1438 Aktiengesellschaft
2088 1378 2172 1438 als
2214 1376 2326 1436 auch
2361 1375 2502 1435 Herrn

694 1478 777 1538 Dr.
811 1477 1047 1537 Krasting
1089 1477 1165 1537 auf
1207 1477 1342 1537 seine
1384 1477 1586 1537 Anfrage
1628 1477 1703 1537 vom
1745 1477 1830 1537 26.
1864 1477 1981 1537 März
2024 1477 2099 1537 hin
2141 1477 2226 1537 an.
2260 1477 2352 1537 Wir
2385 1477 2613 1537 reichten

691 1576 831 1636 Ihnen
874 1577 1014 1637 dann,
1028 1579 1293 1639 abenfalls
1329 1579 1410 1639 mit
1454 1579 1711 1639 Schreiben
1755 1579 1829 1639 vom
1880 1579 1960 1639 29.
1998 1579 2144 1639 März,
2181 1579 2350 1639 diesen
2394 1580 2658 1640 Vorschlag

697 1678 768 1738 ein
814 1678 859 1738 in
905 1678 988 1738 der
1028 1679 1261 1739 Meinung,
1300 1679 1410 1739 dass
1455 1681 1507 1741 er
1546 1681 1689 1741 unter
1728 1679 1871 1739 Ihrer
1909 1679 2116 1739 Leitung
2162 1679 2298 1739 einer
2344 1679 2635 1739 Diskussion

699 1778 1134 1838 wuräeunterzogen
1171 1778 1376 1838 werden.
1385 1778 1562 1838 Leider
1599 1778 1858 1838 erhielten
1895 1778 1978 1838 wir
2026 1778 2192 1838 jedoch
2229 1778 2313 1838 auf
2350 1778 2498 1838 unser

686 1877 954 1937 Schreiben
998 1877 1078 1937 vom
1124 1877 1204 1937 29.
1239 1879 1356 1939 März
1392 1879 1472 1939 nie
1517 1879 1633 1939 eine
1668 1879 1909 1939 Antwort,
1955 1880 1999 1940 so
2044 1879 2151 1939 dass
2196 1879 2276 1939 wir
2321 1877 2553 1937 annehmen

680 1979 914 2039 mussten,
957 1979 1036 2039 die
1078 1979 1249 2039 Basler
1291 1979 1747 2039 Rheinschiffahrt
1783 1979 2324 2039 Aktiengesellschaft
2360 1981 2601 2041 wünsche,

696 2078 761 2138 die
810 2080 1187 2140 Verhandlungen
1228 2081 1374 2141 nicht
1407 2081 1530 2141 mehr
1563 2081 2070 2141 weiter-zu-führen.
2103 2083 2160 2143 Es
2202 2083 2283 2143 hat
2324 2081 2431 2141 sich
2472 2081 2643 2141 aller-

685 2180 819 2240 dings
856 2180 1215 2240 nachträglich
1260 2182 1707 2242 herausgestellt,
1745 2183 1857 2243 dass
1894 2183 2133 2243 offenbar
2178 2182 2252 2242 bei
2290 2182 2432 2242 Ihnen
2477 2180 2551 2240 ein

694 2281 1139 2341 Missverstindnis
1182 2282 1463 2342 entstanden
1506 2284 1620 2344 ist,
1664 2284 1772 2344 weil
1815 2284 1894 2344 der
1937 2284 2081 2344 Brief
2117 2284 2196 2344 des
2232 2284 2375 2344 Herrn
2418 2282 2591 2342 Christ

690 2381 1097 2441 gleichwieunsdn
1133 2381 1275 2441 Brief
1320 2381 1399 2441 vom
1443 2381 1523 2441 29.
1559 2383 1674 2443 März
1718 2383 1922 2443 datiert
1958 2384 2073 2444 war.
2108 2383 2286 2443 Dieses
2321 2380 2560 2440 Missver-

696 2479 918 2539 ständnis
961 2480 1250 2540 offenbarte
1293 2482 1401 2542 sich
1444 2482 1560 2542 erst
1595 2482 1645 2542 am
1689 2483 1833 2543 2.ot.
1869 2483 2164 2543 anlässlich
2207 2482 2344 2542 einer
2388 2482 2646 2542 Besprech-

684 2581 763 2641 ung
806 2581 886 2641 des
922 2581 1369 2641 Unterzeichneten
1413 2582 1499 2642 mit
1535 2584 1680 2644 Herrn
1716 2584 1803 2644 Dr.
1839 2584 2106 2644 Krasting.
2143 2584 2229 2644 Wir
2273 2581 2532 2641 erklarten

688 2681 977 2741 anlässlich
1018 2681 1193 2741 dieser
1233 2683 1563 2743 Besprechung
1603 2684 1805 2744 erneut,
1839 2684 1954 2744 dass
1994 2684 2074 2744 wir
2121 2683 2169 2743 zu
2209 2682 2351 2742 einer
2391 2679 2505 2739 Ver-

688 2782 971 2842 ständigung
1017 2782 1096 2842 auf
1136 2783 1214 2843 der
1254 2783 1399 2843 Basis
1439 2783 1643 2843 unseres
1683 2785 1979 2845 Schreibens
2019 2785 2098 2845 vom
2144 2784 2223 2844 29.
2263 2783 2375 2843 März
2414 2783 2592 2843 bereit

689 2883 817 2943 seien
866 2884 947 2944 und
988 2884 1214 2944 erklaren
1254 2885 1497 2945 hiermit,
1529 2885 1642 2945 dass
1682 2885 1820 2945 diese
1860 2884 2225 2944 Bereitschaft
2265 2882 2434 2942 gemäss

688 2982 954 3042 Beschluss
989 2981 1196 3041 unseres
1238 2981 1497 3041 Vorstands
1540 2983 1618 3043 vom
1660 2983 1747 3043 25.
1781 2983 1867 3043 Ot.
1910 2983 2013 3043 auch
2057 2984 2203 3044 heute
2237 2984 2349 3044 noch
2392 2984 2624 3044 besteht.

1080 3084 1167 3144 Die
1201 3083 1375 3143 Basler
1410 3085 1862 3145 Rheinschiffahrt
1889 3085 2436 3145 Aktiengesellschaft
