2925 3609
310 315 359 375 DR
384 316 502 376 FRITZ
540 314 763 374 STEIGER

319 377 361 437 DR
384 377 484 437 MAX
526 377 757 437 VISCHER

309 427 513 487 ADVOKATEN
542 424 602 484 UND
630 424 765 484 NOTARE

458 483 613 543 BASEL

370 536 649 596 FREIESTRASSE
675 537 711 597 65

343 637 501 697 TELEPHON
538 635 659 695 SAFRAN
688 634 749 694 4957

384 682 574 742 POSTCHECK
609 682 621 742 V
641 680 701 740 2770

2505 260 2526 320 (

1785 425 1955 485 Basel,
2000 425 2080 485 den
2125 424 2216 484 28.
2249 424 2363 484 Juni
2409 425 2556 485 1925.

1087 570 1249 630 Herrn

1325 670 1384 730 P.
1424 668 1996 728 Christ-Wackernagel,

1184 769 1253 829 vom
1300 770 1451 830 Hause
1485 769 1810 829 Paravicini,
1845 770 2031 830 Christ
2054 773 2077 833 à
2123 778 2239 838 C0.,

1802 869 2096 929 Basel

1759 968 2154 1028 Kaufhausgasse

788 1121 900 1181 Sehr
940 1120 1184 1180 geehrter
1225 1116 1336 1176 Herr
1377 1117 1590 1177 Christ,

1299 1214 1387 1274 Mit
1419 1214 1588 1274 bestem
1630 1214 1742 1274 Dank
1783 1214 2049 1274 bestätige
2090 1214 2170 1274 ich
2202 1216 2284 1276 den
2324 1219 2525 1279 Empfang

791 1318 931 1378 Ihres
969 1317 1203 1377 Geehrten
1250 1316 1326 1376 vom
1372 1315 1457 1375 25.
1495 1315 1578 1375 ct.
1617 1315 1701 1375 mit
1738 1315 1814 1375 dem
1860 1313 2076 1373 Entwurf
2114 1315 2254 1375 eines
2292 1316 2592 1376 Schreibens

799 1419 850 1479 an
891 1418 974 1478 die
1015 1417 1180 1477 Basler
1221 1415 1664 1475 Rheinschiffahrt
1706 1415 2262 1475 Aktiengesellschaft.
2304 1417 2386 1477 Ich
2417 1417 2685 1477 überlasse

804 1522 851 1582 es
898 1522 1039 1582 gerne
1077 1520 1208 1580 Ihrem
1256 1518 1528 1578 Ermessen,
1537 1517 1584 1577 ob
1622 1517 1707 1577 Sie
1744 1517 1791 1577 an
1838 1517 1914 1577 die
1951 1517 2308 1577 Gesellschaft
2345 1517 2459 1577 oder
2496 1516 2552 1576 an

793 1618 869 1678 die
907 1618 1109 1678 Leitung
1149 1618 1235 1678 der
1273 1618 1601 1678 Ausstellung
1639 1618 1890 1678 schreiben
1938 1618 2140 1678 wollen.
2178 1618 2256 1678 Ich
2294 1615 2592 1675 persönlich

805 1718 912 1778 habe
949 1717 1092 1777 keine
1129 1716 1272 1776 Lust,
1317 1715 1424 1775 eine
1469 1715 1668 1775 direkte
1703 1715 2089 1775 Korrespondenz
2125 1715 2215 1775 mit
2251 1715 2386 1775 Herrn
2431 1714 2691 1774 Groschupf

802 1818 851 1878 zu
892 1815 1090 1875 führen,
1131 1814 1328 1874 nachdem
1378 1814 1542 1874 dieser
1584 1814 1666 1874 uns
1708 1814 1757 1874 in
1798 1814 1970 1874 derart
2012 1813 2390 1873 beleidigender
2456 1810 2604 1870 Weise

804 1918 1125 1978 geschrieben
1164 1914 1282 1974 hat.
1311 1913 1398 1973 Der
1437 1913 1671 1973 Vorstand
1711 1913 1789 1973 der
1827 1915 2607 1975 Personenschiffahrtsgesell-

805 2017 972 2077 schaft
1008 2016 1092 2076 hat
1129 2015 1426 2075 inzwischen
1462 2015 1509 2075 in
1555 2015 1731 2075 seiner
1768 2015 1973 2075 Sitzung
2009 2016 2084 2076 vom
2130 2017 2306 2077 25.ct.
2343 2017 2639 2077 einstimmig

794 2117 873 2177 den
912 2116 991 2176 von
1030 2116 1117 2176 mir
1157 2114 1480 2174 entworfenen
1520 2114 1661 2174 Brief
1701 2115 2001 2175 genehmigt.

1130 2216 1212 2276 Was
1244 2215 1327 2275 nun
1368 2213 1508 2273 Ihren
1548 2213 1753 2273 Entwurf
1795 2215 2114 2275 anbetrifft,
2156 2215 2205 2275 so
2246 2215 2476 2275 gestatte
2517 2214 2599 2274 ich

796 2317 913 2377 mir,
953 2315 1179 2375 folgende
1219 2312 1572 2372 Abänderungen
1618 2314 1916 2374 anzuregen:

799 2415 855 2475 ad
892 2414 1032 2474 Ziff.
1051 2413 1070 2473 4
1097 2413 1153 2473 &
1171 2412 1219 2472 5.
1256 2411 1340 2471 Die
1377 2411 1638 2471 Konferenz
1675 2411 1721 2471 an
1759 2411 1842 2471 der
1889 2411 1963 2471 Sie
2010 2413 2085 2473 die
2122 2413 2355 2473 Anregung
2392 2413 2476 2473 der
2513 2411 2690 2471 Ueber-

800 2513 944 2573 nahme
982 2512 1063 2572 des
1099 2512 1336 2572 Betriebs
1381 2512 1518 2572 durch
1554 2512 1664 2572 eine
1700 2512 2355 2572 Ausstellungskommission
2400 2513 2600 2573 gemaght

804 2612 981 2672 haben,
1008 2612 1120 2672 muss
1157 2611 1241 2671 vor
1288 2611 1363 2671 dem
1409 2611 1484 2671 24.
1521 2611 1669 2671 März,
1698 2611 1903 2671 nämlich
1950 2611 1996 2671 um
2033 2611 2117 2671 den
2154 2611 2238 2671 20.
2275 2612 2387 2672 März
2424 2612 2564 2672 berum

806 2711 1184 2771 stattgefunden
1227 2711 1402 2771 haben.
1438 2711 1547 2771 Nach
1591 2711 1889 2771 Durchsicht
1925 2711 2005 2771 der
2049 2711 2186 2771 Akten
2231 2710 2405 2770 konnte
2449 2710 2521 2770 ich

806 2810 968 2870 ferner
1013 2812 1362 2872 feststellen,
1399 2812 1510 2872 dass
1554 2812 1629 2872 der
1666 2812 1896 2872 Vorstand
1941 2812 2022 2872 der
2059 2810 2645 2870 Personenschiffahrte-

806 2914 1159 2974 gesellschaft
1191 2914 1238 2974 in
1285 2914 1458 2974 seiner
1497 2914 1694 2974 Sitzung
1741 2914 1811 2974 vom
1859 2914 1945 2974 11.
1976 2914 2095 2974 März
2134 2912 2243 2972 mich
2283 2911 2573 2971 einstimmig

799 3011 1088 3071 ermächtigt
1130 3011 1236 3071 hat,
1278 3011 1349 3071 die
1398 3011 1772 3071 Verhandlungen
1815 3011 2259 3071 weiterzuführen,
2301 3010 2443 3070 wobei
2478 3010 2562 3070 ich

802 3112 877 3172 die
926 3112 1300 3172 Verpflichtung
1342 3113 1565 3173 übernahm
1608 3113 1723 3173 mich
1766 3113 1965 3173 jeweils
2006 3112 2089 3172 mit
2122 3112 2264 3172 Ihnen
2305 3112 2387 3172 und
2430 3110 2504 3170 den

803 3217 973 3277 Herren
1018 3217 1338 3277 Stauffacher
1384 3217 1452 3277 und
1497 3217 1759 3277 Oettinger
1793 3217 1838 3277 zu
1885 3217 2260 3277 verständigeh.
2294 3218 2443 3278 Uhter
2477 3218 2647 3278 dieseh
