2925 3605
1335 428 1424 488 -2-

795 532 1000 592 Herren,
1038 532 1112 592 die
1158 532 1233 592 ich
1279 532 1326 592 in
1363 530 1540 590 meiner
1578 530 1782 590 Antwort
1819 530 1867 590 an
1904 530 1988 590 die
2025 530 2593 590 Ausstellungsleitung

788 629 926 689 als"
965 629 1049 689 von
1087 628 1257 688 unserm
1303 628 1527 688 Vorstand
1573 628 1649 688 für
1695 628 1773 688 die
1819 628 2196 688 Verhandlungen
2242 626 2588 686 eingesetzten

786 727 1082 787 Ausschuss"
1127 727 1423 787 bezeichnet
1459 728 1598 788 habe,
1643 728 1782 788 wurde
1826 728 1905 788 das
1939 728 2176 788 Ergebnis
2219 728 2298 788 der
2334 727 2639 787 Kenferens/

785 829 858 889 die
902 829 947 889 um
991 829 1072 889 den
1116 829 1196 889 20.
1233 829 1343 889 März
1387 828 1520 888 herum
1571 827 1953 887 stattgefunden
1997 827 2166 887 hatte,
2209 826 2533 886 bespröchen,
2541 827 2621 887 und

789 928 870 988 man
915 928 1024 988 fand
1060 928 1413 988 einstimmig,
1458 928 1503 988 es
1549 929 1630 989 sei
1666 929 1956 989 richtiger,
2001 928 2110 988 Ihre
2146 928 2472 988 persönliche
2508 927 2588 987 An-

787 1030 960 1090 ragung
997 1028 1172 1088 fallen
1218 1028 1263 1088 zu
1300 1027 1502 1087 lassen,
1548 1027 1686 1087 dafür
1723 1027 1832 1087 aber
1878 1025 1952 1085 die
1989 1025 2135 1085 Miete
2182 1025 2255 1085 und
2292 1025 2374 1085 und
2420 1027 2677 1087 Indienst-

788 1126 924 1186 nahme
969 1126 1051 1186 des
1097 1126 1261 1186 "Vogel
1306 1126 1442 1186 Gryf"
1487 1126 1624 1186 durch
1670 1126 1843 1186 unsere
1879 1126 2244 1186 Gesellschaft
2280 1126 2325 1186 in
2361 1127 2625 1187 Verschlag

792 1226 831 1286 zu
878 1226 1115 1286 bringen.
1154 1226 1233 1286 Ich
1272 1226 1414 1286 würde
1454 1226 1501 1286 es
1548 1226 1658 1286 sehr
1698 1226 1997 1286 begrüssen,
2029 1226 2139 1286 wenn
2186 1226 2265 1286 Sie
2304 1226 2352 1286 in
2399 1226 2564 1286 diesem

799 1325 935 1385 Sinne
971 1325 1079 1385 Ihre
1125 1324 1469 1384 Ausführungen
1514 1324 1623 1384 noch
1668 1325 1813 1385 etwas
1849 1325 1958 1385 mehr
1994 1325 2076 1385 den
2121 1324 2374 1384 unserigen
2420 1324 2645 1384 anpassen

781 1426 1017 1486 wollten.
1046 1426 1351 1486 Namentlich
1390 1426 1597 1486 scheint
1637 1426 1715 1486 mir
1755 1424 1990 1484 wichtig,
2029 1424 2148 1484 dass
2187 1426 2424 1486 jegliche
2463 1426 2669 1486 Wendung

792 1525 1045 1585 vermieden
1093 1526 1236 1586 wird,
1276 1528 1354 1588 die
1395 1528 1473 1588 auf
1513 1528 1656 1588 einen
1696 1528 1957 1588 Gegensatz
1997 1525 2227 1585 zwischen
2267 1523 2409 1583 Ihnen
2449 1522 2528 1582 und

798 1623 963 1683 unserm
1006 1625 1234 1685 Vorstand
1278 1627 1540 1687 hindeuten
1575 1625 1785 1685 könnte.
1828 1625 1898 1685 Ich
1950 1625 2082 1685 würde
2125 1625 2177 1685 es
2221 1625 2361 1685 daher
2396 1626 2474 1686 für
2519 1627 2719 1687 richtig

787 1726 986 1786 halten,
1023 1727 1131 1787 wenn
1177 1727 1259 1787 Sie
1304 1727 1377 1787 den
1413 1727 1595 1787 Passus
1631 1727 1831 1787 7......
1876 1727 1986 1787 dass
2031 1727 2103 1787 ich
2149 1726 2403 1786 versuchen
2449 1726 2621 1786 wolle,

790 1826 960 1886 unserm
1007 1826 1235 1886 Vorstand
1282 1826 1358 1886 für
1396 1826 1510 1886 eine
1547 1828 1784 1888 Einigung
1822 1828 1869 1888 zu
1917 1828 2324 1888 gewinnen....."
2362 1828 2722 1888 unterdrücken

794 1924 1033 1984 könnten.

1031 2029 1111 2089 Mit
1154 2029 1691 2089 hochachtungsvollen
1728 2027 1931 2087 Grüssen
1975 2027 2054 2087 Ihr
2098 2026 2359 2086 ergebener

2013 2123 2413 2183 Riwalteeb
