2925 3605
1354 455 1433 515 -2-

590 556 976 616 Bereitschaft,
1015 556 1223 616 darüber
1268 556 1312 616 zu
1357 557 1682 617 verhandeln.
1721 557 1772 617 Da
1816 556 1895 616 wir
1940 556 2018 616 aus
2063 556 2287 616 früheren
2338 556 2443 616 Ver-

596 655 881 715 handlungen
932 655 1069 715 schon
1109 655 1314 715 darüber
1354 655 1651 715 orientiert
1690 655 1827 715 sind,
1873 655 1953 715 wie
1993 655 2130 715 diese
2175 655 2620 715 Preiskonvention

594 754 812 814 aussehen
866 754 1005 814 soll,
1047 754 1272 814 erklären
1320 754 1400 814 wir
1443 755 1582 815 schon
1630 755 1699 815 zum
1747 755 2073 815 vornherein,
2121 755 2222 815 dass
2265 755 2345 815 wir
2388 754 2495 814 kein

586 854 852 914 Interesse
895 856 1006 916 mehr
1049 857 1219 917 haben,
1256 857 1341 917 mit
1383 857 1522 917 Ihnen
1570 856 1612 916 zu
1654 856 1979 916 verhandeln,
1995 856 2346 916 umsoweniger,
2383 858 2463 918 als

585 953 662 1013 wir
706 955 873 1015 unterm
923 956 1001 1016 27.
1040 956 1157 1016 Juli
1196 956 1329 1016 einen
1374 956 1518 1016 Brief
1557 955 1696 1015 Ihres
1735 955 2213 1015 Geschäftsführers
2257 956 2485 1016 erhalten

587 1057 755 1117 haben,
794 1057 934 1117 worin
984 1055 1304 1115 geschrieben
1348 1055 1522 1115 steht,
1567 1055 1646 1115 Ihr
1685 1054 2133 1114 Geschäftsführer
2178 1054 2346 1114 gehöre
2385 1054 2469 1114 nun

579 1156 686 1216 auch
734 1156 776 1216 zu
824 1156 1113 1216 denjenigen
1162 1156 1364 1216 Herren,
1407 1156 1488 1216 die
1530 1156 1610 1216 der
1647 1156 1851 1216 Meinung
1899 1156 2038 1216 sind,
2081 1156 2187 1216 dass
2230 1156 2305 1216 man
2353 1156 2439 1216 mit
2476 1156 2556 1216 uns

593 1255 732 1315 nicht
768 1253 851 1313 auf
892 1253 1182 1313 anständige
1223 1253 1362 1313 Weise
1409 1253 1662 1313 auskommen
1708 1253 1879 1313 könne.
1920 1253 2003 1313 Wir
2039 1253 2210 1313 nehmen
2256 1253 2359 1313 ohne
2406 1253 2638 1313 weiteres

590 1354 675 1414 an,
714 1354 822 1414 dass
867 1353 941 1413 Sie
981 1352 1129 1412 nicht
1168 1352 1248 1412 mit
1288 1352 1429 1412 einer
1469 1352 1855 1412 Gesellschaft,
1895 1354 1975 1414 die
2020 1354 2094 1414 Sie
2139 1354 2218 1414 als
2259 1354 2401 1414 nicht
2446 1354 2519 1414 an-

596 1451 789 1511 ständig
839 1452 1093 1512 taxieren,
1137 1453 1182 1513 in
1226 1453 1602 1513 Verhandlungen
1652 1453 1818 1513 treten
1862 1454 2061 1514 wollen.
2105 1454 2272 1514 Kämen,
2316 1454 2576 1514 abgesehen

591 1552 667 1612 von
710 1552 845 1612 allen
895 1552 1057 1612 diesen
1100 1552 1306 1612 Dingen,
1344 1552 1724 1612 Verhandlungen
1772 1552 1816 1612 in
1859 1552 2125 1612 Betracht,
2168 1553 2216 1613 so
2254 1553 2390 1613 waren
2439 1553 2514 1613 wir

590 1654 731 1714 nicht
772 1654 817 1714 in
862 1654 942 1714 der
982 1654 1124 1714 Lage,
1164 1654 1249 1714 mit
1289 1654 1425 1714 Ihrem
1471 1654 1823 1714 Präsidenten,
1864 1654 2005 1714 Herrn
2051 1654 2216 1714 Dr.Max
2262 1654 2461 1714 Vischer
2506 1654 2551 1714 zu

584 1753 905 1813 verhandeln,
944 1753 993 1813 da
1036 1753 1113 1813 wir
1156 1753 1298 1813 Ihnen
1342 1753 1451 1813 über
1494 1753 1663 1813 dessen
1707 1753 2214 1813 Verhandlungsweise
2252 1753 2339 1813 mit
2377 1753 2546 1813 unserm

596 1852 851 1912 Schreiben
894 1852 971 1912 vom
1014 1852 1188 1912 21.VI.
1226 1852 1394 1912 unsere
1432 1852 1644 1912 Ansicht
1682 1853 1981 1913 mitgeteilt
2019 1852 2187 1912 haben.
2198 1852 2306 1912 Herr
2355 1850 2491 1910 Vice-

592 1954 859 2014 präsident
898 1954 1070 2014 Christ
1109 1954 1215 2014 käme
1260 1954 1521 2014 ebenfalls
1560 1954 1711 2014 nicht
1744 1954 1855 2014 mehr
1900 1954 1945 2014 in
1989 1954 2256 2014 Betracht,
2295 1955 2346 2015 da
2390 1955 2501 2015 Sie,

591 2050 809 2110 trotzdem
858 2052 934 2112 Sie
978 2053 1032 2113 es
1070 2053 1212 2113 heute
1256 2054 1577 2114 abstreiten,
1621 2054 1789 2114 diesen
1833 2053 1969 2113 Herrn
2012 2053 2095 2113 uns
2138 2053 2399 2113 gegenüber
2443 2053 2612 2113 bloss-

593 2153 819 2213 gestellt
862 2153 1035 2213 haben.
1072 2153 1159 2213 Wir
1202 2153 1369 2213 würden
1417 2153 1498 2213 uns
1541 2152 1681 2212 heute
1719 2152 1805 2212 nur
1848 2152 2026 2212 bereit
2063 2153 2328 2213 erklären,
2371 2153 2456 2213 mit

587 2255 868 2315 denjenigen
915 2254 1145 2314 Personen
1192 2254 1238 2314 zu
1280 2254 1604 2314 verhandeln,
1650 2254 1724 2314 die
1771 2254 1848 2314 aus
1896 2254 2120 2314 sicherem
2172 2254 2396 2314 Versteck
2448 2254 2615 2314 heraus

582 2353 714 2413 gegen
759 2353 841 2413 uns
879 2353 968 2413 mit
1006 2353 1144 2413 allen
1188 2353 1392 2413 Mitteln
1436 2353 1694 2413 agitieren
1750 2353 1821 2413 und
1865 2353 2168 2413 versuchen,
2207 2354 2316 2414 uns,
2361 2354 2410 2414 wo
2454 2355 2503 2415 es

591 2453 685 2513 auch
735 2453 847 2513 sei,
886 2453 1332 2513 Schwierigkeiten
1377 2453 1422 2513 zu
1466 2453 1695 2513 bereiten
1740 2452 1818 2512 und
1862 2452 1941 2512 das
1985 2453 2069 2513 ist
2108 2453 2214 2513 Herr
2253 2453 2431 2513 Werner

594 2552 945 2612 Stauffacher.
982 2552 1089 2612 Wenn
1136 2552 1248 2612 sich
1290 2552 1460 2612 dieser
1497 2552 1609 2612 Herr
1646 2552 1795 2612 nicht
1833 2554 2215 2614 entschliessen
2263 2554 2401 2614 kann,
2449 2554 2582 2614 seine

587 2652 852 2712 Agitation
899 2651 974 2711 aus
1022 2651 1091 2711 dem
1139 2651 1462 2711 Hintergrund
1505 2651 1792 2711 aufzuheben
1839 2652 1914 2712 und
1961 2653 2094 2713 offen
2142 2653 2227 2713 mit
2264 2653 2344 2713 uns
2386 2653 2429 2713 zu
2477 2653 2582 2713 ver-

588 2753 821 2813 handeln,
864 2752 908 2812 so
951 2752 1087 2812 haben
1130 2752 1211 2812 wir
1255 2752 1390 2812 Ihnen
1434 2752 1608 2812 nichts
1645 2752 1878 2812 weiteres
1922 2752 2030 2812 mehr
2069 2753 2427 2813 mitzuteilen.
2438 2755 2513 2815 Wir

594 2851 727 2911 haben
766 2851 849 2911 uns
894 2851 971 2911 bei
1010 2851 1093 2911 der
1132 2851 1392 2911 Regierung
1437 2851 1515 2911 des
1554 2851 1759 2911 Kantons
1792 2851 1964 2911 Aargau
2009 2851 2120 2911 über
2164 2851 2270 2911 Ihre
2314 2852 2513 2912 neueste

588 2950 788 3010 Aktion,
832 2950 908 3010 die
951 2950 1087 3010 gegen
1130 2950 1304 3010 unsere
1341 2950 1699 3010 Gesellschaft
1736 2950 2002 3010 gerichtet
2040 2950 2148 3010 war,
2192 2951 2479 3011 überzeugen
2528 2954 2690 3014 können

598 3047 672 3107 und
712 3049 876 3109 müssen
927 3051 1189 3111 gestehen,
1229 3052 1336 3112 dass
1382 3052 1461 3112 wir
1501 3052 1552 3112 es
1592 3052 1671 3112 als
1717 3052 2007 3112 beschämend
2052 3052 2301 3112 empfunden
2353 3055 2523 3115 haben.

590 3148 694 3208 dass
738 3148 815 3208 Sie
858 3148 908 3208 es
946 3149 1100 3209 nicht
1138 3151 1523 3211 verschmähten,
1567 3151 1649 3211 mit
1688 3152 1885 3212 solchen
1934 3152 2132 3212 Mitteln
2176 3152 2258 3212 uns
2302 3152 2412 3212 auch
2456 3152 2571 3212 dort

591 3248 1034 3308 Schwierigkeiten
1076 3250 1119 3310 zu
1167 3251 1429 3311 bereiten.
1441 3253 1521 3313 Wir
1563 3253 1696 3313 haben
1739 3253 2006 3313 ebenfalls
2049 3253 2122 3313 von
2171 3253 2304 3313 Ihren
2353 3254 2638 3314 Bemühungen
