2924 3605
1250 459 1303 519 -3

583 560 845 620 erfahren,
888 560 964 620 die
1008 560 1335 620 Rheinfelder
1373 562 1601 622 Gemeinde
1650 562 1781 622 gegen
1830 562 1912 622 uns
1956 562 2337 622 aufzustiften.
2375 562 2429 622 Es

575 658 739 718 reihen
794 659 897 719 sich
941 659 1078 719 diese
1127 659 1389 719 Versuche,
1433 659 1509 719 uns
1553 659 1629 719 das
1673 659 1908 719 Geschäft
1952 659 1995 719 zu
2044 661 2487 721 verunmöglichen,

581 759 746 819 würdig
789 760 836 820 an
884 760 959 820 die
1001 761 1268 821 früheren,
1310 761 1385 821 die
1433 761 1507 821 Sie
1550 761 1869 821 unternommen
1922 760 2087 820 haben,
2130 760 2332 820 nämlich
2375 761 2454 821 das

587 860 785 920 Monopol
829 861 907 921 für
951 862 1023 922 die
1067 862 1239 922 Basler
1283 862 1599 922 Schifflände
1648 862 1692 922 zu
1737 860 1997 920 erhalten,
2041 860 2113 920 und
2157 860 2235 920 wie
2279 860 2324 920 in
2368 859 2533 919 unserm

581 959 837 1019 Schreiben
884 959 928 1019 an
975 959 1114 1019 Ihren
1156 960 1295 1020 Herrn
1337 961 1785 1021 Geschäftsführer
1833 961 2030 1021 bereits
2072 959 2302 1019 erwahnt,
2344 956 2418 1016 die

576 1060 1023 1120 Alleinbenützung
1066 1060 1149 1120 des
1187 1060 1448 1120 Telephons
1498 1060 1574 1120 und
1617 1060 1694 1120 des
1732 1060 1939 1120 Wassers
1977 1060 2026 1120 an
2075 1060 2151 1120 der
2195 1060 2517 1120 Schifflände

579 1162 625 1222 zu
675 1159 990 1219 erreichen.

979 1259 1023 1319 Im
1066 1259 1264 1319 übrigen
1313 1258 1396 1318 hat
1434 1258 1577 1318 unser
1621 1258 1884 1318 Präsident
1927 1258 2158 1318 erklärt,
2202 1258 2312 1318 dass
2356 1258 2399 1318 er
2449 1258 2526 1318 die

580 1360 716 1420 ganze
754 1358 1151 1418 Angelegenheit
1184 1358 1265 1418 nun
1314 1358 1483 1418 selber
1521 1358 1570 1418 in
1613 1359 1690 1419 die
1733 1360 1842 1420 Hand
1886 1360 2054 1420 nehmen
2098 1360 2272 1420 wolle,
2316 1360 2391 1420 und
2435 1360 2544 1420 dass

579 1459 659 1519 wir
701 1459 776 1519 von
819 1459 903 1519 uns
946 1460 1026 1520 aus
1063 1460 1234 1520 nichts
1276 1460 1388 1520 mehr
1431 1460 1569 1520 darin
1612 1459 1931 1519 unternehmen
1984 1459 2181 1519 sollen.
2219 1459 2303 1519 Wir
2347 1459 2511 1519 bitten

594 1559 658 1619 Sie
702 1559 848 1619 also,
886 1559 1027 1619 falls
1071 1559 1146 1619 Sie
1190 1559 1271 1619 uns
1309 1559 1418 1619 noch
1461 1559 1662 1619 weitere
1700 1558 2052 1618 Mitteilungen
2101 1559 2145 1619 zu
2188 1559 2356 1619 machen
2405 1561 2573 1621 haben,

582 1661 710 1721 diese
756 1660 936 1720 direkt
972 1660 1048 1720 dem
1095 1659 1418 1719 Präsidenten
1464 1658 1669 1718 unserer
1710 1658 2074 1718 Gesellschaft
2115 1660 2469 1720 einzusenden.

1536 1759 1872 1819 Hochachtend

1605 1859 1784 1919 BASLER

1204 1960 1656 2020 RHEINSCHIFFAHRT
1703 1960 1716 2020 -
1763 1961 2315 2021 AKTIENGESELLSCHAFT

1330 2060 1443 2120 sig.
1480 2060 1755 2120 Groschopf
1950 2059 2281 2119 J.A.Ritter.

555 2341 671 2401 geht
717 2340 896 2400 zurück

558 2441 759 2501 14.VIII
805 2441 852 2501 26

544 2540 664 2600 sig.
682 2542 897 2602 Vischer
