2932 3593
2449 267 2586 327 3

673 275 882 335 Basler

283 358 1300 418 Rheinschiffahrt-Aktiengesellschaft

1657 386 1838 446 Basel,
1879 386 1961 446 den
2002 385 2078 445 15.
2118 385 2387 445 September
2428 385 2567 445 1927.

655 423 859 483 Marktgasse
894 424 909 484 5

655 514 772 574 Postfach
798 515 915 575 Basel1

587 560 728 620 Telephon:
748 562 873 622 Safran
898 560 981 620 47.90

586 605 771 665 Telegramme:
796 605 982 665 Navibale

584 649 742 709 Postcheck-
754 649 833 709 Konto
862 649 879 709 V
917 649 983 709 3012

402 703 650 763 Bankverbindung:
662 703 882 763 Schweizerischer
898 702 1065 762 Bankverein,
1082 703 1159 763 Basel

740 862 817 922 G/M

1212 931 1356 991 Herrn
1422 932 1974 992 Rupprecht,
2016 931 2280 991 Hotelier,

1339 1031 1542 1091 Soolbad
1582 1030 1790 1090 "Eden",

1835 1127 2514 1187 Rheinfelden.

746 1277 854 1337 Sehr
902 1279 1136 1339 geehrter
1178 1277 1298 1337 Herr
1340 1277 1640 1337 Rupprecht,

1636 1373 1712 1433 Wir
1755 1373 1929 1433 kommen
1972 1373 2114 1433 heute
2157 1373 2337 1433 zurück
2386 1374 2462 1434 auf

771 1477 849 1537 die
889 1477 1309 1537 Unterredungen,
1348 1477 1427 1537 die
1466 1477 1545 1537 wir
1591 1476 1670 1536 vor
1709 1475 1912 1535 einigen
1952 1474 2122 1534 Wochen
2161 1474 2247 1534 mit
2286 1474 2424 1534 Ihnen

758 1580 826 1640 und
872 1580 952 1640 mit
993 1580 1130 1640 Herrn
1176 1579 1440 1639 Oettinger
1486 1577 1532 1637 zu
1577 1577 1750 1637 führen
1790 1577 1870 1637 die
1910 1577 2025 1637 Ehre
2066 1577 2271 1637 hatten.

1210 1676 1288 1736 Wir
1333 1675 1501 1735 können
1545 1676 1686 1736 Ihnen
1725 1676 1870 1736 heute
1909 1676 2206 1736 mitteilen,
2256 1676 2357 1736 dass
2402 1675 2480 1735 das

764 1777 870 1837 neue
909 1777 1327 1837 Personenschiff
1372 1775 1606 1835 bestellt
1645 1774 1756 1834 ist.
1796 1774 1846 1834 Es
1884 1774 2091 1834 bekommt
2130 1774 2358 1834 ungefähr
2403 1774 2481 1834 die

772 1876 940 1936 Grösse
980 1877 1061 1937 der
1102 1876 1520 1936 "Rheinfelden",
1560 1874 1665 1934 aber
1711 1872 1966 1932 bedeutend
2013 1871 2245 1931 stärkere
2286 1873 2517 1933 Motoren.

766 1978 844 2038 Die
886 1977 1026 2037 Pläne
1068 1976 1177 2036 sind
1213 1975 1389 2035 wieder
1432 1975 1511 2035 von
1547 1974 1692 2034 Herrn
1735 1973 1996 2033 Ingenieur
2038 1972 2238 2032 Ryniker
2280 1972 2450 2032 ausge-

770 2078 1002 2138 arbeitet
1037 2078 1245 2138 worden,
1286 2077 1419 2137 unter
1466 2074 1936 2134 Berücksichtigung
1982 2074 2058 2134 all
2098 2072 2179 2132 der
2220 2074 2579 2134 Erfahrungen,

765 2177 933 2237 welche
977 2177 1056 2237 die
1101 2176 1268 2236 Praxis
1313 2176 1391 2236 der
1436 2174 1979 2234 Personenschiffahrt
2018 2174 2096 2234 bis
2141 2174 2281 2234 jetzt
2325 2174 2554 2234 gebracht

772 2281 880 2341 hat.
923 2279 1001 2339 Das
1037 2278 1213 2338 Schiff
1255 2277 1364 2337 wird
1406 2275 1449 2335 im
1497 2275 1636 2335 April
1673 2273 1902 2333 nächsten
1950 2272 2120 2332 Jahres
2162 2272 2458 2332 fahrbereit
2501 2274 2634 2334 sein.

1225 2374 1302 2434 Wir
1341 2374 1546 2434 hoffen,
1590 2374 1696 2434 dass
1740 2372 1818 2432 bis
1857 2371 1995 2431 dahin
2046 2371 2145 2431 auch
2195 2371 2301 2431 eine
2340 2372 2573 2432 Regelung

778 2477 856 2537 mit
892 2476 971 2536 der
1014 2473 1946 2533 Personenschiffahrtsgesellschaft
1982 2470 2092 2530 über
2134 2470 2218 2530 den
2255 2470 2455 2530 Betrieb

777 2576 855 2636 der
898 2573 1274 2633 "Rheinfelden"
1317 2572 1578 2632 getroffen
1627 2570 1790 2630 werden
1833 2570 1979 2630 kann.
2016 2569 2130 2629 Herr
2174 2569 2252 2629 Dr.
2294 2569 2459 2629 Speich

774 2678 852 2738 war
892 2677 970 2737 bis
1010 2675 1153 2735 jetzt
1193 2675 1363 2735 leider
1402 2673 1547 2733 nicht
1586 2672 1632 2732 in
1677 2672 1756 2732 der
1796 2671 1939 2731 Lage,
1972 2669 2365 2729 Besprechungen
2411 2668 2515 2728 auf-

774 2776 1034 2836 zunehmen,
1078 2776 1129 2836 da
1167 2774 1218 2834 er
1256 2774 1307 2834 in
1351 2773 1427 2833 den
1471 2772 1643 2832 Ferien
1687 2770 1763 2830 und
1808 2769 2188 2829 anschliessend
2232 2767 2372 2827 daran
2423 2767 2461 2827 im

775 2873 1161 2933 Militärdienst
1202 2873 1315 2933 war.
1349 2873 1548 2933 Nachdem
1595 2872 1646 2932 er
1685 2872 1765 2932 nun
1811 2870 2198 2930 zurückgekehrt
2232 2869 2345 2929 ist,
2392 2866 2556 2926 werden

782 2974 854 3034 wir
896 2974 975 3034 ihn
1017 2973 1126 3033 über
1169 2972 1248 3032 die
1290 2971 1520 3031 Sachlage
1568 2968 1913 3028 unterrichten
1962 2967 2035 3027 und
2077 2966 2126 3026 er
2168 2966 2343 3026 selbst
2379 2965 2489 3025 kann

767 3075 845 3135 die
890 3072 1207 3132 besprochene
1253 3070 1609 3130 Fühlungnahme
1647 3068 1732 3128 mit
1771 3068 1848 3128 den
1893 3067 2068 3127 Basler
2101 3065 2276 3125 Herren
2321 3065 2399 3125 des
2444 3064 2554 3124 Vor-

778 3174 978 3234 standes
1017 3172 1100 3232 der
1139 3167 2074 3227 Personenschiffahrtsgesellschaft
2113 3164 2402 3224 aufnehmen.

2380 3293 2472 3353 ./.
