2925 3607
1533 268 1706 328 Basel,
1745 266 1827 326 den
1873 265 1955 325 18.
2001 263 2206 323 Februar
2251 263 2398 323 1928.

2515 280 2621 340 14

704 314 869 374 Basler

291 385 1259 445 Rheinschiffahrt-Aktiengesellschaft

619 449 902 509 Marktgasse
934 449 951 509 5

629 541 772 601 Postfach
811 542 911 602 Basel
938 544 950 604 I

540 586 720 646 Telephon:
742 586 888 646 Safran
923 587 976 647 47.
989 586 1024 646 90

543 631 779 691 Telegramme:
808 631 1027 691 Navibale

1366 665 1411 725 An
1456 664 1540 724 den
1585 661 1832 721 Vorstand
1877 662 1961 722 der

544 674 711 734 Postcheck
732 674 741 734 -
754 674 859 734 Konto
890 674 907 734 V
947 676 1021 736 3012

305 728 630 788 Bankverbindung:
644 727 924 787 Schweizerischer
937 728 1157 788 Bankverein,
1171 727 1262 787 Basel

1582 763 1753 823 Basler
1792 760 2392 820 Personenschiffahrts¬

776 808 850 868 U/I

1827 811 2187 871 Gesellschaft

2246 897 2551 957 Basel.

1375 1153 1414 1213 In
1460 1153 1540 1213 der
1580 1150 1905 1210 Besprechung
1951 1148 2025 1208 vom
2071 1148 2157 1208 14.
2196 1148 2396 1208 Februar
2441 1148 2584 1208 wurde

776 1256 1096 1316 vereinbart,
1140 1254 1247 1314 dass
1285 1253 1367 1313 wir
1410 1252 1543 1312 Ihnen
1593 1250 1882 1310 Vorschläge
1932 1249 2007 1309 für
2052 1247 2158 1307 eine
2202 1246 2523 1306 Vereinheit-

767 1357 971 1417 lichung
1015 1356 1089 1416 des
1132 1354 1399 1414 Betriebes
1436 1352 1516 1412 des
1560 1349 2434 1409 Personenschiffahrtsgeschäftes
2477 1348 2527 1408 in

776 1460 913 1520 Basel
955 1459 1129 1519 machen
1170 1459 1380 1519 würden.
1422 1457 1529 1517 Nach
1577 1456 1900 1516 eingehender
1941 1454 2145 1514 Prüfung
2186 1453 2360 1513 kommen
2402 1451 2486 1511 wir
2527 1451 2575 1511 zu

778 1561 852 1621 dem
895 1561 1132 1621 Schluss,
1175 1560 1312 1620 Ihnen
1356 1558 1654 1618 Vermietung
1698 1556 1773 1616 des
1816 1556 2052 1616 Schiffes
2095 1555 2481 1615 "Rheinfelden"
2524 1555 2574 1615 an

774 1661 847 1721 uns
891 1660 1329 1720 vorzuschlagen.

1658 1756 1715 1816 I.

1499 1855 1708 1915 Heutige
1747 1853 1924 1913 Lage.

1378 1954 1417 2014 Im
1467 1954 1607 2014 Jahre
1652 1954 1764 2014 1928
1809 1954 1982 2014 werden
2033 1954 2150 2014 sich
2189 1954 2235 2014 am
2279 1951 2554 2011 Personen-

777 2053 1358 2113 schiffahrtsgeschäft
1401 2050 1742 2110 beteiligen:

772 2155 823 2215 1.
861 2155 976 2215 Boot
1021 2152 1443 2212 "Rheinfelden",
1481 2150 1564 2210 ca.
1609 2150 1686 2210 250
1724 2150 1935 2210 Plätze,
1973 2150 2056 2210 180
2095 2150 2210 2210 P.S.

779 2253 829 2313 2.
867 2252 982 2312 Boot
1027 2251 1199 2311 "Vogel
1237 2251 1448 2311 Gryff",
1486 2249 1568 2309 ca.
1607 2249 1689 2309 200
1727 2249 1932 2309 Plätze,
1976 2248 2059 2308 180
2098 2248 2212 2308 P.S.

779 2351 830 2411 3.
870 2351 986 2411 Boot
1024 2351 1412 2411 "Lällekönig",
1482 2348 1566 2408 ca.
1605 2348 1682 2408 250
1728 2347 1928 2407 Plätze,
1966 2347 2050 2407 320
2095 2347 2205 2407 P.S.

1391 2447 1524 2507 Diese
1570 2446 1685 2506 drei
1720 2444 1928 2504 Schiffe
1969 2444 2148 2504 werden
2188 2444 2298 2504 alle
2344 2443 2390 2503 im
2436 2442 2546 2502 Ver-

779 2545 884 2605 kehr
925 2543 1071 2603 Basel
1117 2542 1135 2602 -
1170 2540 1496 2600 Rheinfelden
1544 2539 1899 2599 beschäftigt.
1940 2539 1986 2599 An
2033 2539 2232 2599 schönen
2278 2539 2541 2599 Sonntagen

786 2635 948 2695 werden
995 2633 1070 2693 die
1116 2632 1255 2692 Boote
1301 2632 1377 2692 für
1423 2630 1527 2690 eine
1574 2630 2049 2690 Nachmittagsfahrt
2089 2629 2199 2689 voll
2240 2627 2443 2687 benützt

782 2726 918 2786 sein.
958 2725 1191 2785 Werktags
1231 2723 1340 2783 wird
1385 2723 1562 2783 selbst
1601 2723 1647 2783 an
1693 2722 1891 2782 schönen
1938 2722 2074 2782 Tagen
2125 2722 2171 2782 es
2211 2722 2318 2782 kaum
2364 2722 2563 2782 möglich

782 2819 921 2879 sein,
968 2817 1194 2877 genügend
1235 2815 1496 2875 Einnahmen
1543 2815 1595 2875 zu
1636 2814 1897 2874 erhalten,
1938 2813 2019 2873 mit
2060 2813 2292 2873 Ausnahme
2338 2812 2414 2872 von
2461 2812 2658 2872 einzel-

783 2918 859 2978 nen
905 2918 1272 2978 Ferientagen.

1390 3013 1468 3073 Die
1507 3014 1742 3074 Einnahme
1786 3013 1892 3073 wird
1937 3012 1982 3072 im
2032 3011 2389 3071 Durchschnitt
2434 3011 2512 3071 für
2557 3012 2624 3072 die

787 3116 926 3176 Boote
966 3115 1077 3175 kaum
1123 3114 1199 3174 die
1239 3113 1652 3173 Betriebskosten
1698 3112 1901 3172 decken.
1942 3112 2116 3172 Sicher
2157 3111 2267 3171 wird
2314 3110 2389 3170 für
2436 3110 2540 3170 Ver-

784 3220 978 3280 zinsung
1026 3217 1099 3277 und
1142 3215 1494 3275 Amortisation
1543 3214 1622 3274 des
1664 3215 1895 3275 Kapitals
1938 3214 2017 3274 nur
2065 3214 2145 3274 aus
2181 3213 2260 3273 dem
2309 3211 2570 3271 Personen-

2459 3321 2558 3381 ./.
