2925 3606
1580 301 1606 361 5

751 413 795 473 An
840 413 922 473 den
967 412 1195 472 Vorstand
1240 410 1316 470 der
1361 409 1532 469 Basler
1576 401 2580 461 Personenschiffahrts-Gesellschaft.

2426 452 2695 512 18.2.28.

1488 457 1795 517 Basel.

761 560 1082 620 Rheinfelden
1131 559 1205 619 und
1249 557 1539 617 vielleicht
1582 556 1693 616 auch
1737 554 1810 614 ein
1860 553 1996 613 etwas
2039 551 2422 611 regelmässiger
2465 550 2576 610 ein-

777 661 967 721 treten.
1007 658 1546 718 Selbstverständlich
1592 655 1757 715 würden
1803 655 1881 715 wir
1927 653 2033 713 auch
2079 652 2158 712 die
2204 650 2703 710 Zwischenstationen

771 761 815 821 zu
859 759 1269 819 entsprechenden
1313 757 1515 817 Preisen
1560 755 2039 815 berücksichtigen.
2077 754 2159 814 Für
2203 752 2280 812 das
2323 751 2550 811 Publikum

760 862 932 922 bietet
972 861 1051 921 die
1092 860 1238 920 Miete
1278 858 1357 918 des
1404 856 1637 916 Schiffes
1683 854 1823 914 durch
1869 854 1949 914 uns
1989 854 2102 914 wohl
2142 853 2222 913 die
2268 853 2408 913 beste
2454 853 2686 913 mögliche

763 964 999 1024 Lösung.

1376 1159 1447 1219 Wir
1492 1157 1634 1217 haben
1679 1154 2223 1214 selbstverständlich
2267 1153 2366 1213 auch
2393 1153 2564 1213 andere

771 1262 998 1322 mögliche
1045 1261 1208 1321 Formen
1254 1259 1394 1319 einer
1435 1256 2040 1316 Betriebsgemeinschaft
2082 1255 2315 1315 erwogen,
2361 1256 2466 1316 sind

771 1358 875 1418 aber
916 1358 991 1418 zum
1038 1357 1241 1417 Schluss
1283 1356 1550 1416 gekommen,
1591 1354 1695 1414 dass
1742 1354 1818 1414 sie
1864 1352 1974 1412 alle
2015 1352 2068 1412 zu
2108 1351 2434 1411 kompliziert
2474 1351 2556 1411 und

764 1462 968 1522 deshalb
1010 1460 1058 1520 zu
1106 1460 1244 1520 teuer
1286 1459 1430 1519 sind.
1472 1459 1551 1519 Die
1593 1456 2145 1516 Personenschiffahrt
2181 1456 2229 1516 in
2277 1456 2415 1516 Basel
2463 1456 2571 1516 wird

775 1562 819 1622 in
863 1561 940 1621 den
985 1560 1213 1620 nächsten
1263 1558 1429 1618 Jahren
1479 1557 1551 1617 ein
1596 1556 1829 1616 Geschäft
1867 1556 2012 1616 sein,
2056 1555 2133 1615 das
2172 1555 2344 1615 keinen
2388 1555 2583 1615 Franken

780 1657 1126 1717 überflüssige
1169 1656 1400 1716 Ausgaben
1449 1655 1711 1715 verträgt.
1753 1654 1953 1714 Deshalb
2002 1652 2111 1712 sind
2148 1652 2233 1712 wir
2276 1652 2355 1712 auf
2398 1651 2477 1711 die
2520 1651 2629 1711 ein-

780 1755 978 1815 fachste
1018 1754 1251 1814 mögliche
1298 1753 1466 1813 Lösung
1513 1753 1774 1813 gekommen.

1387 1853 1427 1913 Zu
1473 1852 1610 1912 einem
1656 1852 2047 1912 Kaufvorschlag
2087 1850 2259 1910 können
2305 1850 2385 1910 wir
2425 1850 2505 1910 uns

777 1954 918 2014 nicht
958 1952 1373 2012 entschliessen,
1419 1952 1770 2012 insbesondere
1811 1951 1918 2011 weil
1963 1951 2043 2011 das
2083 1951 2202 2011 Boot
2242 1951 2622 2011 "Rheinfelden"

769 2053 847 2113 für
885 2053 964 2113 das
1003 2051 1177 2111 Basler
1221 2051 1552 2111 Hafengebiet
1591 2050 1730 2110 heute
1775 2050 1943 2110 leider
1988 2050 2128 2110 schon
2172 2048 2407 2108 veraltet
2446 2048 2558 2108 ist.

777 2150 878 2210 Neue
921 2152 1065 2212 Boote
1107 2152 1283 2212 werden
1326 2152 1497 2212 sicher
1539 2151 1582 2211 in
1630 2150 1710 2210 der
1752 2150 2072 2210 Kombination
2120 2149 2200 2209 als
2243 2149 2472 2209 Schlepp-
2525 2149 2600 2209 und

776 2249 1160 2309 Personenboote
1204 2248 1377 2308 gebaut
1415 2246 1621 2306 werden.
1660 2246 1738 2306 Die
1782 2246 1922 2306 neuen
1966 2245 2655 2305 Sulzer-Kreuzkopfmotoren

783 2347 887 2407 sind
933 2347 1195 2407 gegenüber
1235 2347 1316 2407 den
1351 2345 1554 2405 Motoren
1601 2345 1676 2405 des
1722 2344 1954 2404 Schiffes
1995 2344 2378 2404 "Rheinfelden"
2425 2344 2761 2404 ökonomischer

782 2447 854 2507 und
899 2446 1005 2506 auch
1055 2446 1128 2506 für
1173 2445 1251 2505 den
1296 2444 1498 2504 Betrieb
1542 2444 1654 2504 viel
1699 2444 2113 2504 zweckmässiger.
2157 2444 2236 2504 Der
2280 2444 2393 2504 sehr
2432 2444 2543 2504 hohe

775 2546 1310 2606 Schmierölverbrauch
1353 2546 1432 2606 des
1475 2545 1644 2605 Bootes
1692 2545 2074 2605 "Rheinfelden"
2116 2545 2222 2605 wird
2270 2546 2349 2606 bei
2386 2546 2561 2606 neuen,

784 2653 1034 2713 stärkeren
1076 2651 1486 2711 Sulzer-Motoren
1539 2650 1613 2710 bei
1656 2650 1826 2710 weitem
1868 2650 2012 2710 nicht
2055 2650 2288 2710 erreicht
2326 2650 2533 2710 werden.
2576 2650 2655 2710 Die

788 2750 857 2810 für
900 2750 975 2810 die
1023 2750 1593 2810 Personenbeförderung
1635 2750 1742 2810 sehr
1785 2750 1987 2810 lästige
2030 2750 2206 2810 Plage,
2249 2749 2542 2809 verursacht

788 2854 915 2914 durch
963 2855 1037 2915 den
1080 2855 1345 2915 Oelrauch,
1388 2855 1462 2915 die
1510 2854 1589 2914 bis
1632 2854 1775 2914 jetzt
1813 2854 1924 2914 alle
1967 2854 2381 2914 Verbesserungen
2423 2854 2466 2914 an
2514 2855 2593 2915 der

779 2956 1157 3016 "Rheinfelden"
1195 2959 1343 3019 nicht
1381 2959 1517 3019 haben
1561 2957 1889 3017 wegschaffen
1933 2956 2141 3016 können,
2185 2956 2322 3016 fällt
2365 2956 2447 3016 bei
2486 2957 2628 3017 neuen

772 3059 1182 3119 Sulzer-Motoren
1223 3059 1343 3119 weg.
1379 3059 1493 3119 Neue
1535 3058 1737 3118 Schiffe
1779 3058 1945 3118 werden
1991 3056 2100 3116 dann
2147 3056 2256 3116 auch
2292 3056 2407 3116 ganz
2453 3057 2713 3117 bedeutend

783 3160 1045 3220 billiger,
1088 3160 1170 3220 bei
1208 3160 1503 3220 qualitativ
1546 3158 1781 3218 gleicher
1825 3158 1929 3218 oder
1978 3157 2207 3217 besserer
2250 3157 2452 3217 Arbeit,
2491 3157 2578 3217 als

2508 3320 2607 3380 ./.
