2925 3606
1534 298 1567 358 6
1613 296 1633 356 -

751 412 797 472 An
835 411 921 471 den
959 409 1191 469 Vorstand
1237 406 1314 466 der
1353 403 1530 463 Basler
1569 395 2573 455 Personenschiffahrts-Gesellschaft,

2323 445 2569 505 18.2.28.

1462 452 1754 512 Basel.

758 559 836 619 die
883 557 1298 617 "Rheinfelden",
1338 553 1447 613 weil
1487 552 1534 612 in
1580 551 1659 611 der
1706 548 1870 608 ganzen
1918 544 2481 604 Schiffbau-Industrie

767 654 843 714 des
882 652 1275 712 Rheingebietes
1313 649 1390 709 die
1436 647 1606 707 Preise
1652 646 1760 706 seit
1798 643 2006 703 einigen
2045 642 2214 702 Jahren
2260 639 2368 699 sehr
2406 637 2553 697 stark

763 748 989 808 gefallen
1034 746 1177 806 sind.
1215 743 1298 803 Bei
1344 742 1471 802 einem
1516 741 1660 801 neuen
1705 739 1819 799 Boot
1856 737 2022 797 können
2068 736 2181 796 dann
2226 734 2332 794 auch
2370 733 2483 793 Ver-

762 844 1086 904 besserungen
1131 840 1553 900 berücksichtigt
1599 836 1802 896 werden,
1839 834 2013 894 welche
2058 832 2141 892 die
2178 831 2660 891 Unterhaltskosten

763 945 1054 1005 wesentlich
1105 940 1428 1000 vermindern.

1377 1037 1450 1097 Aus
1492 1036 1571 1096 all
1620 1034 1790 1094 diesen
1838 1033 2038 1093 Gründen
2087 1031 2287 1091 konnten
2336 1030 2415 1090 wir
2463 1030 2542 1090 uns

766 1141 904 1201 nicht
945 1139 1364 1199 entschliessen,
1405 1136 1550 1196 einen
1591 1134 1886 1194 Kaufspreis
1928 1131 2257 1191 anzubieten,
2299 1130 2381 1190 der
2423 1129 2505 1189 die

763 1243 1300 1303 Erstellungskosten,
1348 1238 1606 1298 abzüglich
1648 1237 1851 1297 normale
1892 1234 2247 1294 Abschreibung
2289 1232 2373 1292 zur
2415 1231 2582 1291 Grund-

777 1348 881 1408 lage
927 1346 1099 1406 gehabt
1136 1343 1315 1403 hätte.
1354 1342 1435 1402 Von
1473 1340 1623 1400 einer
1660 1337 2011 1397 Kaufsofferte
2064 1336 2139 1396 auf
2184 1334 2445 1394 Grundlage
2491 1333 2565 1393 des

766 1444 1146 1504 tatsächlichen
1192 1439 1605 1499 Verkehrswertes
1650 1436 1727 1496 des
1772 1435 1940 1495 Bootes
1985 1433 2120 1493 haben
2165 1433 2256 1493 wir
2295 1433 2584 1493 abgesehen,

766 1546 807 1606 da
849 1546 931 1606 Sie
973 1544 1083 1604 wohl
1124 1543 1242 1603 kaum
1283 1540 1366 1600 auf
1407 1540 1490 1600 die
1531 1538 1731 1598 Offerte
1780 1535 2103 1595 eingetreten
2145 1534 2324 1594 wären.
2358 1534 2565 1594 Sollten

772 1646 846 1706 Sie
886 1645 999 1705 aber
1040 1643 1420 1703 grundsätzlich
1467 1640 1601 1700 einen
1648 1637 1848 1697 Verkauf
1895 1636 1968 1696 des
2009 1634 2182 1694 Bootes
2229 1634 2370 1694 einer
2410 1634 2704 1694 Vermietung

772 1745 1068 1805 vorziehen,
1105 1744 1156 1804 so
1200 1742 1306 1802 sind
1345 1741 1426 1801 wir
1470 1741 1608 1801 gerne
1653 1739 1854 1799 bereit,
1898 1738 2005 1798 auch
2043 1736 2282 1796 hierüber
2320 1736 2370 1796 zu
2414 1736 2735 1796 verhandeln,

778 1845 855 1905 nur
898 1843 1096 1903 möchten
1138 1842 1223 1902 wir
1266 1841 1344 1901 Sie
1386 1840 1493 1900 dann
1535 1838 1741 1898 bitten,
1783 1837 2073 1897 Ihrerseits
2115 1835 2257 1895 einen
2300 1835 2562 1895 Vorschlag
2604 1835 2653 1895 zu

770 1945 987 2005 machen.

1360 2041 1460 2101 Ihre
1504 2041 1821 2101 Delegierten
1866 2038 2005 2098 haben
2055 2037 2100 2097 in
2144 2036 2222 2096 der
2266 2036 2594 2096 Besprechung

772 2138 847 2198 den
894 2138 1062 2198 Wunsch
1114 2137 1526 2197 ausgesprochen,
1567 2135 1643 2195 die
1683 2134 1829 2194 ganze
1869 2132 2258 2192 Angelegenheit
2299 2131 2467 2191 möchte
2508 2131 2647 2191 rasch

784 2239 1079 2299 bearbeitet
1115 2237 1325 2297 werden.
1367 2234 1818 2294 Dementsprechend
1859 2233 2028 2293 können
2069 2232 2160 2292 wir
2202 2231 2346 2291 Ihnen
2382 2230 2526 2290 heute

776 2336 947 2396 schon,
990 2335 1063 2395 und
1107 2333 1253 2393 nicht
1297 2332 1438 2392 erst,
1480 2330 1560 2390 wie
1603 2330 1683 2390 wir
1725 2329 1965 2389 zugesagt
2001 2327 2179 2387 haben,
2222 2327 2302 2387 für
2345 2327 2577 2387 nächsten

778 2430 1002 2490 Mittwoch
1050 2428 1220 2488 unsere
1263 2426 1585 2486 endgültigen
1633 2425 1924 2485 Vorschläge
1967 2422 2349 2482 unterbreiten.
2392 2422 2440 2482 Da
2483 2423 2598 2483 Herr

780 2528 951 2588 Ritter
994 2526 1387 2586 beabsichtigt,
1430 2524 1602 2584 seinen
1645 2521 2161 2581 Urlaubanzutreten,
2198 2519 2338 2579 wären
2381 2519 2468 2579 wir
2510 2519 2651 2579 Ihnen

785 2629 1013 2689 dankbar,
1055 2628 1162 2688 wenn
1210 2627 1288 2687 Sie
1336 2626 1444 2686 Ihre
1485 2624 1874 2684 Dispositionen
1916 2624 1964 2684 so
2012 2623 2209 2683 treffen
2252 2623 2491 2683 könnten,
2533 2623 2646 2683 dass

789 2734 857 2794 die
909 2733 1295 2793 Verhandlungen
1335 2731 1444 2791 noch
1490 2731 1536 2791 im
1588 2731 1795 2791 Verlauf
1830 2729 1910 2789 der
1951 2729 2192 2789 nächsten
2238 2729 2376 2789 Woche
2416 2729 2468 2789 zu
2514 2729 2652 2789 einem

787 2836 1104 2896 endgültigen
1148 2834 1410 2894 Abschluss
1455 2831 1688 2891 gebracht
1727 2831 1900 2891 werden
1944 2831 2145 2891 können.

1389 2927 1525 2987 Ihren
1569 2926 1705 2986 gefl.
1748 2924 2071 2984 Nachrichten
2120 2923 2256 2983 sehen
2299 2923 2381 2983 wir
2425 2925 2687 2985 entgegen.

1930 3023 2262 3083 Hochachtend

2057 3073 2203 3133 BASLE

1755 3130 2243 3190 CHIFFAERTUXTINI
2260 3124 2620 3184 GESELLSCHAFT

2102 3232 2253 3292 We
