2926 3608
1521 327 1540 387 2

758 437 925 497 Basler
964 431 1932 491 Personenschiffahrtsgesellschaft,
1971 428 1990 488 B
2030 428 2267 488 asel.
2337 428 2543 488 1.3.28.

767 536 934 596 derart
973 534 1172 594 raschem
1217 532 1417 592 Wechsel
1462 530 1817 590 unterworfen,
1855 529 1965 589 dass
2010 527 2055 587 in
2100 527 2242 587 einer
2287 526 2544 586 Betriebs-

770 637 1151 697 gemeinschaft,
1189 634 1274 694 die
1312 633 1454 693 nicht
1493 632 1545 692 in
1590 631 1667 691 der
1713 629 2004 689 Vermietung
2049 629 2126 689 des
2172 628 2404 688 Schiffes

774 733 1150 793 "Rheinfelden"
1187 731 1421 791 besteht,
1464 728 2241 788 Meinungsverschiedenheiten,
2285 724 2605 784 zeitrauben-

762 832 807 892 de
852 830 1233 890 Verhandlungen
1285 828 1356 888 und
1401 826 1755 886 Abrechnungen
1801 823 2213 883 unausbleiblich
2259 821 2401 881 sind.
2440 821 2523 881 Wir

767 931 937 991 dürfen
975 928 1272 988 vielleicht
1316 927 1486 987 darauf
1530 925 1815 985 aufmerksam
1859 922 2068 982 machen,
2105 922 2219 982 dass
2263 920 2346 980 für
2383 919 2459 979 den

774 1027 1177 1087 Gütertransport
1217 1023 1877 1083 Betriebsgemeinschaften
1923 1020 1971 1080 in
2011 1019 2098 1079 der
2133 1016 2589 1076 Rheinschiffahrt

775 1123 1033 1183 sozusagen
1083 1121 1341 1181 unbekannt
1383 1120 1530 1180 sind,
1565 1118 1767 1178 dagegen
1815 1117 1893 1177 die
1934 1115 2046 1175 Form
2095 1114 2172 1174 der
2214 1112 2570 1172 Schiffsmiete

774 1220 1057 1280 eigentlich
1106 1218 1212 1278 eine
1254 1217 1516 1277 Grundlage
1565 1216 1644 1276 für
1686 1215 1764 1275 das
1806 1214 1948 1274 ganze
1984 1211 2464 1271 Frachtengeschäft

768 1316 802 1376 in
854 1316 934 1376 der
974 1313 1438 1373 Rheinschiffahrt
1478 1312 1592 1372 ist.

1382 1406 1461 1466 Wir
1500 1406 1674 1466 bitten
1719 1405 1798 1465 Sie
1843 1405 2079 1465 deshalb,
2119 1403 2198 1463 die
2242 1403 2321 1463 von
2366 1402 2445 1462 uns
2490 1400 2596 1460 vor-

784 1511 1094 1571 geschlagene
1136 1508 1426 1568 Vermietung
1476 1505 1553 1565 des
1596 1504 1829 1564 Schiffes
1871 1502 2253 1562 "Rheinfelden"
2295 1500 2338 1560 an
2388 1499 2465 1559 uns
2507 1499 2556 1559 zu

768 1614 1111 1674 überprüfen.

1384 1711 1577 1771 Sollten
1624 1709 1700 1769 Sie
1748 1708 2134 1768 grundsätzlich
2175 1706 2322 1766 nicht
2363 1704 2533 1764 darauf

782 1820 1039 1880 eintreten
1079 1819 1290 1879 wollen,
1329 1817 1376 1877 so
1422 1816 1588 1876 bitten
1634 1814 1719 1874 wir
1760 1813 1871 1873 Sie,
1911 1812 1991 1872 uns
2037 1811 2176 1871 einen
2222 1810 2486 1870 Vorschlag

789 1922 856 1982 für
902 1922 1010 1982 eine
1050 1919 1683 1979 Betriebsgemeinschaft,
1723 1915 1803 1975 die
1844 1914 1924 1974 den
1971 1912 2354 1972 Verhältnissen
2401 1909 2536 1969 Rech-

777 2027 888 2087 nung
924 2027 1104 2087 trägt,
1139 2024 1557 2084 auszuarbeiten.
1599 2021 1682 2081 Wir
1724 2020 1898 2080 selbst
1940 2018 2044 2078 sind
2087 2017 2260 2077 hierzu
2302 2015 2476 2075 leider

777 2137 924 2197 nicht
965 2135 1011 2195 in
1059 2134 1146 2194 der
1188 2134 1340 2194 Lage.

1396 2233 1529 2293 Ihren
1570 2231 1715 2291 gefl.
1749 2228 2074 2288 Nachrichten
2126 2225 2259 2285 sehen
2300 2225 2381 2285 wir
2421 2224 2687 2284 entgegen.

1955 2326 2307 2386 Hochachtend

2068 2375 2246 2435 BASIER

1604 2426 2626 2486 RHEISCHIFFAHRT-AKTIENGESELLSCHAFT

1699 2532 2053 2592 Bleolg
