2925 3607
2415 255 2541 315 19

689 290 871 350 Basler

1479 304 1656 364 Basel,
1698 302 1779 362 den
1827 301 1909 361 22.
1950 301 2067 361 März
2107 301 2257 361 1928.

287 358 1238 418 Rheinschiffahrt-Aktiengesellschaft

615 422 881 482 Marktgasse
914 421 931 481 5

622 515 771 575 Posttach
799 515 902 575 Basel
930 515 949 575 1

534 560 709 620 Telephon:
736 560 876 620 Safran
911 559 964 619 47.
977 560 1008 620 90

528 606 772 666 Telegramme:
799 602 1017 662 Navibale

533 650 704 710 Postcheck
721 649 730 709 -
743 649 848 709 Konto
879 649 896 709 V
932 649 1006 709 3012

1346 655 1386 715 An
1437 652 1516 712 den
1566 649 1815 709 Vorstand
1860 650 1945 710 der

295 703 612 763 Bankverbindung:
628 701 904 761 Schweizerischer
920 700 1140 760 Bankverein,
1153 701 1246 761 Basel

1552 751 1715 811 Basler
1761 746 2732 806 Personenschiffahrtsgesellschaft,

2039 847 2348 907 Basel.

727 856 815 916 G/M

1321 1150 1360 1210 In
1405 1151 1484 1211 der
1529 1150 1760 1210 heutigen
1804 1147 2137 1207 Besprechung
2181 1145 2412 1205 zwischen
2458 1144 2530 1204 den

753 1252 1184 1312 Unterzeichneten
1237 1250 1312 1310 und
1359 1250 1493 1310 Ihrer
1540 1249 1866 1309 Delegation,
1906 1246 2169 1306 bestehend
2216 1244 2291 1304 aus
2333 1243 2472 1303 Herrn

749 1352 825 1412 Dr.
869 1351 1105 1411 Vischer,
1143 1350 1443 1410 Präsident,
1487 1349 1627 1409 Herrn
1672 1348 1875 1408 Christ,
1913 1345 2308 1405 Vicepräsident
2353 1342 2422 1402 und

740 1451 871 1511 Herrn
919 1451 1182 1511 Oettinger
1229 1450 1396 1510 konnte
1444 1450 1551 1510 über
1593 1448 1671 1508 die
1712 1448 1826 1508 Höhe
1867 1447 1951 1507 der
1987 1447 2136 1507 Miete
2178 1445 2321 1505 keine
2363 1445 2595 1505 Einigung

753 1553 960 1613 erzielt
999 1552 1206 1612 werden.

1300 1651 1337 1711 In
1379 1649 1687 1709 Anbetracht
1723 1649 1803 1709 der
1852 1649 1957 1709 Lage
2006 1648 2147 1708 Ihrer
2190 1645 2546 1705 Gesellschaft

744 1753 949 1813 mussten
1001 1753 1078 1813 Sie
1122 1753 1232 1813 eine
1270 1751 1418 1811 Miete
1463 1751 1540 1811 von
1585 1750 1669 1810 Fr.
1707 1750 1944 1810 15.000.-
1989 1748 2227 1808 fordern.
2265 1747 2349 1807 Die
2394 1746 2503 1806 Lage

749 1855 883 1915 Ihrer
927 1853 1283 1913 Gesellschaft
1326 1852 1560 1912 erlaubte
1603 1850 1781 1910 nicht,
1824 1850 1934 1910 eine
1971 1849 2303 1909 wesentliche
2346 1846 2610 1906 Reduktion

755 1955 831 2015 auf
872 1954 1045 2014 dieser
1086 1952 1228 2012 Miete
1275 1951 1535 2011 eintreten
1585 1951 1631 2011 zu
1672 1951 1876 2011 lassen.

1304 2051 1370 2111 Wir
1419 2050 1617 2110 konnten
1667 2048 1744 2108 für
1787 2048 1957 2108 unsere
2007 2047 2364 2107 Gesellschaft
2407 2045 2511 2105 eine

754 2153 887 2213 Miete
934 2152 1010 2212 von
1050 2152 1131 2212 Fr.
1178 2151 1405 2211 15.000.-
1451 2150 1712 2210 unmöglich
1760 2148 2079 2208 zugestehen,
2120 2147 2230 2207 denn
2277 2146 2416 2206 diese

759 2251 886 2311 Summe
928 2252 1162 2312 belastet
1204 2251 1342 2311 unser
1384 2249 2201 2309 Personenschiffahrtsgeschäft
2238 2246 2350 2306 nach
2397 2246 2566 2306 Rhein-

760 2353 919 2413 felden
962 2353 1073 2413 viel
1115 2353 1163 2413 zu
1206 2353 1376 2413 stark.
1424 2353 1498 2413 Sie
1546 2351 1838 2411 entspricht
1875 2350 1986 2410 nach
2035 2350 2199 2410 unsern
2242 2350 2597 2410 Berechnungen

753 2452 1042 2512 Verzinsung
1091 2452 1161 2512 und
1205 2450 1559 2510 Amortisation
1608 2450 1744 2510 eines
1787 2450 1929 2510 neuen
1973 2449 2326 2509 kombinierten
2370 2449 2604 2509 Schlepp-

760 2552 826 2612 und
869 2551 1323 2611 Personenbootes.
1366 2551 1410 2611 Da
1453 2551 1536 2611 die
1579 2549 1967 2609 "Rheinfelden"
2005 2548 2087 2608 nur
2130 2548 2207 2608 ein
2251 2546 2518 2606 Personen-

758 2650 867 2710 boot
915 2651 988 2711 und
1035 2651 1145 2711 doch
1187 2650 1417 2710 immerhin
1469 2650 1605 2710 schon
1652 2649 1762 2709 drei
1804 2648 1945 2708 Jahre
1987 2648 2076 2708 alt
2112 2648 2222 2708 ist,
2269 2648 2436 2708 können
2484 2648 2562 2708 wir

756 2753 822 2813 die
871 2752 1162 2812 geforderte
1206 2750 1349 2810 Miete
1393 2750 1476 2810 für
1519 2749 1690 2809 dieses
1734 2749 1910 2809 Schiff
1948 2749 2091 2809 nicht
2135 2750 2370 2810 anlegen.

1335 2851 1441 2911 Nach
1483 2850 1807 2910 eingehenden
1849 2849 2231 2909 Besprechungen
2279 2849 2411 2909 haben
2459 2848 2538 2908 wir

769 2953 896 3013 Ihnen
944 2953 1019 3013 den
1065 2953 1176 3013 Kauf
1216 2953 1292 3013 des
1339 2953 1572 3013 Schiffes
1618 2953 1997 3013 "Rheinfelden"
2043 2953 2089 3013 in
2136 2953 2299 3013 seinem
2346 2953 2578 3013 jetzigen

754 3053 982 3113 Zustand,
1019 3052 1102 3112 mit
1144 3052 1285 3112 allen
1331 3052 1560 3112 Zubehör-
1607 3052 1685 3112 und
1726 3052 2143 3112 Reserveteilen,
2190 3053 2325 3113 sowie
2367 3053 2450 3113 mit
2492 3053 2570 3113 den

758 3154 1167 3214 Landungsstegen
1209 3154 1379 3214 Breite
1431 3154 1903 3214 (ausschliesslich
1945 3152 2152 3212 Ponton)
2195 3152 2269 3212 und
2311 3152 2539 3212 Waldhaus

2454 3282 2550 3342 ./.
