2924 3606
1558 298 1576 358 2
1631 295 1643 355 -

726 412 770 472 An
814 411 895 471 den
939 409 1174 469 Vorstand
1218 406 1300 466 der
1337 404 1513 464 Basler
1557 397 2491 457 Personenschiffahrtsgesellschaft

2384 445 2624 505 22.3.28.

1438 457 1463 517 B
1497 452 1741 512 asel.

745 559 814 619 zum
858 558 1034 618 Preise
1069 556 1157 616 von
1227 556 1315 616 Fr.
1349 553 1613 613 100.000.-
1656 550 1954 610 angeboten.
1989 547 2077 607 Wir
2120 546 2288 606 würden
2331 544 2409 604 die
2454 544 2532 604 auf

748 658 825 718 dem
867 657 1043 717 Schiff
1086 655 1467 715 "Rheinfelden"
1509 651 1735 711 haftende
1777 648 2010 708 Hypothek
2060 646 2137 706 und
2172 646 2257 706 die
2299 644 2652 704 Bankschulden

744 758 887 818 Ihrer
928 755 1283 815 Gesellschaft
1324 752 1645 812 übernehmen,
1693 749 1857 809 sodass
1905 748 1980 808 Sie
2028 748 2103 808 von
2144 746 2226 806 uns
2267 745 2383 805 eine
2424 743 2533 803 Bar-

739 856 934 916 zahlung
978 854 1058 914 von
1101 854 1182 914 Fr.
1225 853 1458 913 25.000.-
1501 851 1734 911 erhalten
1778 848 1981 908 würden.
2024 846 2199 906 Dieser
2243 844 2417 904 Betrag
2461 841 2540 901 mit

744 956 821 1016 dem
870 955 1010 1015 Erlös
1052 955 1136 1015 des
1177 952 1311 1012 Ihnen
1359 950 1744 1010 verbleibenden
1793 947 2023 1007 Schiffes
2073 944 2360 1004 "Albatros"
2401 943 2541 1003 würde

753 1055 891 1115 Ihnen
932 1053 1229 1113 gestatten,
1270 1051 1374 1111 eine
1415 1050 1650 1110 namhafte
1691 1046 2016 1106 Rückzahlung
2057 1045 2140 1105 auf
2182 1043 2312 1103 Ihren
2361 1042 2623 1102 Genossen-

753 1154 1197 1214 schaftsanteilen
1243 1150 1289 1210 zu
1334 1150 1539 1210 machen.

1329 1249 1398 1309 Wir
1441 1249 1554 1309 sind
1592 1247 1799 1307 bereit,
1843 1246 1981 1306 einem
2031 1243 2106 1303 von
2150 1243 2288 1303 Ihrem
2338 1240 2570 1300 Vorstand

752 1352 1100 1412 bezeichneten
1151 1349 1474 1409 Rheinfelder
1512 1345 2111 1405 Vertragskontrahenten
2156 1341 2478 1401 vertraglich
2523 1340 2568 1400 zu

756 1453 1109 1513 garantieren,
1145 1450 1352 1510 während
1396 1448 1691 1508 mindestens
1735 1447 1845 1507 fünf
1883 1445 2052 1505 Jahren
2096 1444 2177 1504 die
2221 1441 2523 1501 Schiffahrt

758 1555 865 1615 nach
909 1552 1231 1612 Rheinfelden
1275 1550 1319 1610 in
1363 1549 1660 1609 mindestens
1704 1547 1780 1607 dem
1824 1546 1994 1606 Umfang
2038 1545 2272 1605 aufrecht
2316 1543 2360 1603 zu
2404 1543 2480 1603 er-

757 1655 957 1715 halten,
998 1654 1078 1714 wie
1118 1652 1198 1712 ihn
1239 1652 1352 1712 Ihre
1392 1651 1754 1711 Gesellschaft
1794 1648 1834 1708 im
1881 1648 2022 1708 Jahre
2068 1646 2176 1706 1927
2216 1645 2450 1705 aufrecht
2490 1642 2570 1702 er-

761 1756 928 1816 halten
968 1754 1081 1814 hat.
1121 1753 1262 1813 Diese
1308 1751 1536 1811 Garantie
1582 1750 1688 1810 soll
1729 1749 1996 1809 lediglich
2036 1748 2149 1808 eine
2190 1747 2450 1807 Sicherung

763 1855 840 1915 der
882 1855 1174 1915 Interessen
1215 1853 1572 1913 Rheinfeldens
1613 1850 1756 1910 sein.
1798 1848 2119 1908 Tatsächlich
2161 1847 2334 1907 werden
2375 1847 2458 1907 wir
2500 1848 2547 1908 ja

762 1955 895 2015 statt
938 1955 1016 2015 nur
1060 1955 1144 2015 mit
1181 1954 1296 2014 Boot
1339 1951 1722 2011 "Rheinfelden"
1765 1949 1838 2009 den
1886 1948 2300 2008 Schiffsverkehr
2343 1948 2452 2008 nach

756 2056 1071 2116 Rheinfelden
1115 2055 1197 2115 mit
1236 2054 1468 2114 mehreren
1513 2053 1740 2113 Schiffen
1784 2051 2024 2111 pflegen.
2062 2050 2143 2110 Bei
2181 2048 2320 2108 guten
2364 2048 2686 2108 Witterungs-

763 2156 1143 2216 verhältnissen
1188 2155 1325 2215 haben
1370 2155 1449 2215 wir
1489 2154 1569 2214 die
1614 2152 1818 2212 Absicht
1863 2152 1937 2212 und
1976 2151 2090 2211 sind
2130 2150 2175 2210 in
2220 2150 2300 2210 der
2345 2150 2487 2210 Lage,

763 2257 874 2317 drei
917 2255 1115 2315 Schiffe
1158 2255 1263 2315 nach
1307 2254 1628 2314 Rheinfelden
1678 2252 1845 2312 fahren
1888 2251 1937 2311 zu
1980 2250 2185 2310 lassen.
2228 2248 2302 2308 Wir
2346 2247 2487 2307 beab-

758 2356 1014 2416 sichtigen
1058 2356 1202 2416 auch,
1245 2354 1321 2414 die
1365 2353 1539 2413 Preise
1583 2353 1846 2413 endgültig
1897 2351 1978 2411 auf
2015 2350 2097 2410 den
2140 2350 2309 2410 Betrag
2353 2348 2435 2408 von
2479 2348 2560 2408 Fr.
2604 2347 2679 2407 2.-

750 2456 890 2516 Basel
936 2455 948 2515 -
995 2455 1315 2515 Rheinfelden
1367 2453 1438 2513 und
1484 2452 1653 2512 zurück
1700 2450 2084 2510 festzusetzen.
2125 2449 2207 2509 Die
2247 2447 2538 2507 Interessen

762 2555 1114 2615 Rheinfeldens
1155 2554 1324 2614 würden
1370 2552 1660 2612 jedenfalls
1705 2551 1939 2611 dadurch,
1978 2551 2086 2611 dass
2131 2549 2211 2609 der
2251 2548 2518 2608 Personen-

764 2653 1290 2713 schiffahrtsbetrieb
1339 2653 1447 2713 ganz
1490 2652 1539 2712 in
1581 2651 1751 2711 unsere
1793 2651 1902 2711 Hand
1944 2650 2211 2710 übergeht,
2254 2650 2296 2710 in
2338 2648 2750 2708 weitgehendsten

756 2752 903 2812 Masse
949 2752 1181 2812 gewahrt.
1221 2752 1538 2812 Rheinfelden
1584 2752 1725 2812 würde
1771 2750 1878 2810 eine
1919 2749 2122 2809 bessere
2168 2748 2242 2808 und
2281 2747 2547 2807 billigere

767 2852 1269 2912 Schiffsverbindung
1312 2851 1391 2911 mit
1435 2851 1579 2911 Basel
1621 2851 1883 2911 bekommen.

1315 2953 1389 3013 Wir
1432 2954 1538 3014 sind
1581 2954 1787 3014 bereit,
1830 2956 1963 3016 jedem
2010 2956 2153 3016 Ihrer
2196 2954 2668 3014 Genossenschafter

768 3056 870 3116 eine
910 3055 1451 3115 Berechtigungskarte
1491 3055 1576 3115 mit
1616 3055 1969 3115 fünfjähriger
2015 3055 2494 3115 Gültigkeitsdauer
2533 3055 2584 3115 zu

758 3158 932 3218 geben.
972 3156 1118 3216 Diese
1158 3155 1705 3215 Berechtigungskarte
1750 3155 1862 3215 gibt
1902 3155 1981 3215 dem
2026 3155 2229 3215 Inhaber
2274 3154 2353 3214 das
2393 3154 2539 3214 Recht

2404 3286 2485 3346 /.
