2925 3605
1471 271 1493 331 -
1542 273 1563 333 3
1607 274 1623 334 -

746 385 792 445 An
838 385 915 445 den
954 384 1193 444 Vorstand
1232 382 1317 442 der
1355 379 1526 439 Basler
1564 368 2539 428 Personenschiffahrtsgesellschaft,

2235 418 2472 478 22.3.28.

1453 428 1750 488 Basel.

762 536 835 596 für
876 536 990 596 fünf
1031 534 1227 594 Fahrten
1268 532 1350 592 pro
1391 531 1506 591 Jahr
1546 529 1595 589 zu
1637 527 1775 587 einem
1817 523 2135 583 ermässigten
2185 518 2356 578 Preise
2397 515 2470 575 von

750 637 832 697 Fr.
870 635 954 695 1.-
992 634 1136 694 Basel
1181 633 1196 693 -
1234 631 1560 691 Rheinfelden
1605 629 1689 689 und
1727 627 1931 687 zurück.
1969 624 2113 684 Jeder
2151 619 2416 679 Genossen-

752 735 990 795 schafter
1031 733 1196 793 erhält
1237 730 1352 790 also
1394 730 1475 790 für
1517 727 1657 787 einen
1698 725 1870 785 Anteil
1912 722 1986 782 von
2036 721 2117 781 uns
2151 718 2356 778 während
2406 717 2512 777 fünf

763 835 928 895 Jahren
975 833 1084 893 noch
1131 832 1233 892 eine
1280 830 1421 890 5%ige
1460 827 1758 887 Verzinsung
1797 824 1845 884 in
1892 823 1993 883 Form
2041 821 2119 881 von
2165 819 2518 879 verbilligten

757 934 1089 994 Fahrkarten.

1309 1027 1380 1087 Wir
1426 1025 1535 1085 sind
1580 1024 1781 1084 bereit,
1826 1022 1904 1082 Ihr
1949 1021 2182 1081 Personal
2220 1019 2272 1079 in
2317 1017 2485 1077 unsern

756 1132 932 1192 Dienst
974 1130 1016 1190 zu
1059 1127 1389 1187 übernehmen.
1431 1125 1515 1185 Die
1557 1123 1790 1183 zwischen
1838 1120 1972 1180 Ihnen
2021 1120 2099 1180 und
2141 1118 2217 1178 dem
2267 1117 2506 1177 Personal

762 1229 1199 1289 abgeschlossenen
1248 1225 1481 1285 Verträge
1523 1222 1686 1282 werden
1735 1220 1869 1280 durch
1918 1219 1996 1279 uns
2038 1217 2363 1277 übernommen.
2405 1216 2511 1276 Nach

763 1328 897 1388 deren
944 1327 1111 1387 Ablauf
1158 1325 1386 1385 erfolgen
1426 1324 1540 1384 neue
1586 1321 1995 1381 Vereinbarungen
2043 1317 2270 1377 zwischen
2317 1316 2391 1376 dem
2438 1315 2545 1375 Per-

764 1429 902 1489 sonal
951 1428 1027 1488 und
1069 1426 1179 1486 uns.
1214 1426 1325 1486 Neue
1366 1423 1782 1483 Vereinbarungen
1824 1420 1996 1480 werden
2039 1418 2211 1478 nötig,
2253 1417 2364 1477 weil
2405 1415 2481 1475 wir

764 1530 839 1590 das
880 1529 1114 1589 Personal
1155 1528 1237 1588 das
1278 1526 1416 1586 ganze
1464 1525 1574 1585 Jahr
1615 1524 1731 1584 über
1766 1522 2157 1582 beschäftigen,
2198 1518 2493 1578 währenddem

765 1632 837 1692 Sie
878 1631 926 1691 es
968 1629 1051 1689 nur
1093 1627 1170 1687 den
1218 1627 1385 1687 Sommer
1426 1624 1540 1684 über
1582 1624 1909 1684 beschäftigt
1951 1624 2124 1684 haben.

1314 1727 1392 1787 Wir
1435 1726 1676 1786 glauben,
1719 1724 1828 1784 dass
1869 1723 2015 1783 unser
2057 1721 2262 1781 Angebot
2305 1720 2419 1780 eine
2461 1720 2570 1780 auch

777 1831 849 1891 Sie
888 1829 1307 1889 befriedigende,
1346 1826 1640 1886 endgültige
1687 1825 1850 1885 Lösung
1896 1823 1975 1883 der
2020 1822 2184 1882 ganzen
2230 1819 2518 1879 Angelegen-

770 1930 875 1990 heit
919 1930 1242 1990 ermöglicht.
1285 1928 1397 1988 Ihre
1440 1925 1949 1985 Genossenschafter,
1986 1923 2067 1983 die
2110 1922 2191 1982 ja,
2235 1922 2316 1982 wie
2359 1922 2433 1982 Ihr

774 2031 1038 2091 Präsident
1073 2029 1184 2089 Herr
1226 2028 1309 2088 Dr.
1351 2027 1552 2087 Vischer
1593 2026 1705 2086 sehr
1746 2024 1948 2084 richtig
1990 2022 2281 2082 ausführte,
2324 2020 2400 2080 von
2441 2018 2587 2078 Anbe-

773 2132 881 2192 ginn
928 2132 977 2192 an
1024 2130 1098 2190 das
1146 2126 1811 2186 Genossenschaftskapital
1852 2123 2001 2183 nicht
2042 2122 2340 2182 einbezahlt
2382 2120 2523 2180 haben

779 2233 815 2293 im
863 2232 1092 2292 Hinblick
1135 2231 1219 2291 auf
1262 2230 1364 2290 eine
1406 2229 1455 2289 zu
1503 2227 1794 2287 erwartende
1836 2224 2162 2284 Verzinsung,
2204 2224 2398 2284 sondern
2440 2225 2555 2285 nur,

771 2334 808 2394 um
857 2332 938 2392 die
981 2330 1211 2390 Aufnahme
1254 2329 1335 2389 der
1372 2327 1918 2387 Personenschiffahrt
1955 2324 2005 2384 zu
2055 2323 2402 2383 ermöglichen,
2446 2321 2526 2381 er-

775 2432 946 2492 halten
993 2430 1131 2490 einen
1172 2429 1284 2489 Teil
1323 2428 1469 2488 ihres
1515 2426 1866 2486 einbezahlten
1912 2423 2144 2483 Kapitals
2191 2422 2396 2482 zurück.
2435 2422 2514 2482 Sie

778 2531 997 2591 erhalten
1043 2528 1217 2588 ferner
1257 2527 1366 2587 noch
1411 2526 1522 2586 eine
1567 2524 1890 2584 fünfjährige
1936 2521 2259 2581 Verzinsung.
2297 2519 2562 2579 Ausserdem

772 2632 879 2692 aber
924 2632 1063 2692 haben
1107 2631 1221 2691 Sie,
1259 2629 1342 2689 wie
1379 2629 1493 2689 alle
1537 2627 1645 2687 Ihre
1689 2623 2291 2683 Vorstandsmitglieder,
2329 2621 2411 2681 die
2455 2621 2500 2681 am

781 2731 1191 2791 Zustandekommen
1235 2731 1375 2791 Ihrer
1419 2728 1778 2788 Gesellschaft
1817 2725 2202 2785 mitgearbeitet
2240 2722 2417 2782 haben,
2455 2721 2537 2781 die

787 2830 1109 2890 Genugtuung,
1149 2828 1257 2888 dass
1297 2827 1378 2887 der
1418 2827 1626 2887 Betrieb
1667 2825 1747 2885 der
1788 2822 2331 2882 Personenschiffahrt
2372 2818 2600 2878 zwischen

783 2932 1100 2992 Rheinfelden
1155 2933 1225 2993 und
1270 2933 1412 2993 Basel
1455 2932 1565 2992 auch
1608 2932 1690 2992 für
1734 2930 1843 2990 eine
1882 2929 2209 2989 hoffentlich
2253 2929 2390 2989 weite
2439 2929 2640 2989 Zukunft

782 3034 1044 3094 gesichert
1084 3034 1164 3094 ist
1209 3032 1283 3092 und
1329 3032 1408 3092 auf
1448 3032 1864 3092 wirtschaftlich
1910 3032 2137 3092 gesunder
2183 3030 2445 3090 Grundlage
2490 3027 2661 3087 durch-

789 3135 990 3195 geführt
1034 3133 1208 3193 werden
1252 3134 1399 3194 kann.

2565 3275 2637 3335 .
