2920 3600
1583 334 1598 394 4
1667 331 1682 391 -

762 440 815 500 An
858 440 933 500 den
977 439 1204 499 Vorstand
1247 438 1332 498 der
1366 437 1538 497 Basler
1581 434 2508 494 Personenschiffahrtsgesellschaft

2266 485 2513 545 22.3.28.

1483 487 1791 547 Basel.

1330 586 1404 646 Für
1442 587 1523 647 den
1567 587 1711 647 Fall,
1754 586 1860 646 dass
1904 586 1985 646 der
2028 586 2141 646 Kauf
2178 584 2415 644 zustande
2458 583 2627 643 kommen

756 689 965 749 sollte,
1004 689 1384 749 beabsichtigen
1423 688 1534 748 wir,
1580 688 1659 748 die
1698 686 1894 746 Fahrten
1940 685 2078 745 schon
2123 685 2169 745 im
2215 683 2352 743 April
2398 682 2561 742 aufzu-

756 790 964 850 nehmen,
999 788 1112 848 wenn
1155 788 1477 848 Wasserstand
1520 787 1599 847 und
1634 787 1902 847 Witterung
1937 787 2050 847 dies
2093 785 2450 845 ermöglichen.

768 889 845 949 Wir
880 889 1021 949 wären
1063 889 1204 949 Ihnen
1247 889 1444 949 deshalb
1486 887 1718 947 dankbar,
1761 887 1866 947 wenn
1916 887 1993 947 Sie
2035 886 2113 946 uns
2155 884 2543 944 baldmöglichst

764 988 838 1048 den
877 988 1139 1048 Beschluss
1184 988 1326 1048 Ihres
1366 988 1656 1048 Vorstandes
1701 988 1814 1048 über
1854 986 1996 1046 unser
2035 986 2240 1046 Angebot
2285 985 2360 1045 und
2399 985 2478 1045 das

764 1087 894 1147 Datum
943 1088 1019 1148 der
1063 1088 1634 1148 Generalversammlung,
1677 1087 1754 1147 für
1797 1087 1873 1147 den
1917 1087 2025 1147 Fall
2069 1087 2178 1147 dass
2221 1088 2363 1148 diese
2406 1089 2667 1149 endgültig

754 1187 798 1247 zu
841 1187 1197 1247 beschliessen
1241 1187 1416 1247 hätte,
1454 1187 1657 1247 bekannt
1700 1187 1837 1247 geben
1881 1187 2089 1247 würden.

1333 1286 1469 1346 Ihren
1518 1286 1659 1346 gefl.
1703 1286 2029 1346 Nachrichten
2078 1286 2220 1346 sehen
2263 1286 2345 1346 wir
2389 1286 2530 1346 gerne

757 1388 995 1448 entgegen
1044 1387 1118 1447 und
1161 1384 1393 1444 zeichnen

1775 1484 2120 1544 hochachtend

1879 1535 2054 1595 BASLER

1400 1586 2434 1646 RHEINSCHIFFAHRT-AKTIENGESELLSCHAFT

1971 1727 2183 1787 ng

1443 1785 1733 1845 Aulie
