2925 3607
2483 268 2591 328 20

833 619 971 679 0/H.

2136 685 2214 745 24.
2255 683 2373 743 März
2412 683 2569 743 1928.

583 769 869 829 Verkauf.

666 970 708 1030 An
750 970 828 1030 die
871 969 1048 1029 Baaler
1083 964 1537 1024 Rheinschiffahrt
1572 964 1749 1024 A.-3.,

657 1024 972 1084 Basel.

1278 1165 1353 1225 Wir
1395 1164 1622 1224 bekennen
1664 1162 1749 1222 uns
1782 1160 1858 1220 zum
1909 1158 2111 1218 Empfang
2153 1155 2296 1215 Ihrer
2330 1152 2657 1212 geschätzten

671 1276 870 1336 Offerte
919 1274 1176 1334 bezüglich
1214 1270 1385 1330 Ankauf
1425 1267 1634 1327 unseres
1673 1262 1911 1322 Schiffes
1949 1256 2369 1316 "Rheinfelden".
2427 1252 2579 1312 Ange-

671 1375 840 1435 sichte
880 1373 969 1433 des
999 1372 1079 1432 ven
1128 1370 1268 1430 Ihnen
1307 1366 1636 1426 geforderten
1675 1360 2083 1420 beschleunigten
2133 1354 2461 1414 Verfahrens,
2490 1352 2640 1412 wurde

678 1477 786 1537 eine
822 1474 1308 1534 Verstundssitzung
1352 1469 1433 1529 auf
1469 1466 1613 1526 heute
1648 1463 1918 1523 Vormittag
1964 1460 2287 1520 einberufen.

974 1574 1059 1634 Der
1097 1573 1514 1633 Unterzeichnete
1551 1568 1637 1628 ist
1674 1567 1816 1627 wegen
1854 1564 2062 1624 Abreise
2100 1561 2186 1621 der
2223 1558 2394 1618 andern
2432 1556 2611 1616 Zeich-

670 1681 1176 1741 nungsberechtigten
1225 1677 1390 1737 allein
1439 1672 1769 1732 beauftragt.
1829 1669 1975 1729 Ihnen
2013 1664 2374 1724 mitzuteilen,
2413 1662 2530 1722 dass
2568 1661 2617 1721 in

669 1785 758 1845 der
794 1783 964 1843 ebigen
1001 1779 1486 1839 Vorstandssitzung
1530 1774 1818 1834 einstimmig
1862 1770 2185 1830 beschlessen
2230 1768 2400 1828 worden
2437 1768 2553 1828 ist.

680 1888 765 1948 auf
799 1888 918 1948 Ihre
960 1885 1157 1945 Offerte
1199 1881 1564 1941 einzutreten.
1599 1879 1683 1939 Als
1726 1876 1922 1936 weitere
1964 1871 2508 1931 Verhandlungspunkte
2551 1870 2661 1930 sind

672 1990 726 2050 zu
772 1990 992 2050 nennen!

675 2095 768 2155 1.)
823 2093 880 2153 Um
926 2092 1002 2152 20%
1048 2089 1131 2149 auf
1169 2088 1253 2148 das
1290 2081 1961 2141 Genessenschaftskapital
2008 2077 2325 2137 ausschütten
2372 2075 2419 2135 zu
2465 2075 2670 2135 können.

838 2191 972 2251 unter
1015 2188 1436 2248 gleichzeitiger
1478 2184 1671 2244 Tilgung
1713 2182 1857 2242 aller
1899 2179 2127 2239 Schulden
2177 2179 2253 2239 und
2287 2179 2623 2239 Hypotheken,

837 2291 1063 2351 bedürfen
1103 2291 1193 2351 wir
1233 2290 1306 2350 des
1346 2288 1589 2348 Betrages
1630 2287 1702 2347 von
1743 2285 1864 2345 frs.
1896 2285 2260 2345 105.864.65.

992 2394 1073 2454 Wir
1106 2395 1279 2455 hoffen
1319 2394 1500 2454 gerne,
1540 2392 1647 2452 dass
1696 2390 1770 2450 Sie
1811 2388 1950 2448 diese
1991 2386 2318 2446 bescheidene
2360 2384 2589 2444 Erhöhung

688 2500 826 2560 Ihres
869 2497 1129 2557 Angebotes
1172 2496 1406 2556 annehmen
1441 2494 1649 2554 werden,
1692 2492 1926 2552 umsemehr
1960 2489 2047 2549 als
2082 2488 2194 2548 nach
2229 2485 2437 2545 Trüfung
2480 2483 2558 2543 der

692 2602 816 2662 Akten
867 2601 975 2661 auch
1017 2600 1125 2660 noch
1167 2598 1250 2658 der
1291 2597 1433 2657 feste
1474 2596 1583 2656 Steg
1624 2595 1675 2655 in
1725 2592 2108 2652 Schweizerhall
2150 2591 2191 2651 in
2241 2590 2375 2650 Ihren
2416 2588 2591 2648 Besitz

688 2702 948 2762 übergehen
988 2701 1137 2761 wird.
1169 2701 1232 2761 Es
1271 2699 1413 2759 liegt
1453 2698 1571 2758 dort
1610 2696 1689 2756 nur
1729 2695 1816 2755 das
1855 2693 2092 2753 Servitut
2131 2692 2249 2752 vor,
2281 2692 2399 2752 dass

741 2803 818 2863 dem
864 2803 1033 2863 Verein
1079 2803 1163 2863 für
1203 2801 1279 2861 die
1325 2800 1625 2860 Schiffahrt
1664 2800 1740 2860 auf
1779 2798 1855 2858 dem
1902 2797 2163 2857 Oberrhein
2209 2795 2286 2855 die
2324 2794 2532 2854 weitere

686 2905 824 2965 freie
867 2906 1128 2966 Benützung
1172 2902 1477 2962 garantiert
1513 2900 1622 2960 wird
1666 2900 1723 2960 ".
