2926 3608
487 887 573 947 2.)
602 887 688 947 Wir
724 887 926 947 möchten
969 887 1077 947 noch
1120 887 1207 947 die
1243 887 1473 947 Anregung
1516 887 1725 947 machen,
1761 887 1847 947 die
1883 887 2272 947 Vergünstigung
2315 887 2387 947 zum
2437 887 2574 947 Bezug

608 986 684 1046 von
725 988 746 1048 5
788 988 1112 1048 ermässigten
1154 989 1355 1049 Billets
1396 989 1624 1049 jährlich
1672 988 1749 1048 pro
1790 988 2178 1048 Anteilschein,
2219 988 2357 1048 statt
2399 988 2475 1048 pro
2517 988 2599 1048 Ge-

598 1087 1051 1147 nossennschafter
1090 1087 1141 1147 zu
1181 1087 1453 1147 gewähren.
1491 1087 2152 1147 Erwiezenermassenbilden
2198 1085 2282 1145 die
2321 1085 2521 1145 Inhaber

602 1190 809 1250 solcher
851 1190 1230 1250 Rabattcoupons
1271 1192 1354 1252 die
1396 1192 1561 1252 besten
1603 1192 1962 1252 Aequisiteure
2004 1192 2086 1252 für
2128 1192 2294 1252 andere
2335 1192 2659 1252 vollzahlen-

598 1290 643 1350 de
689 1294 1038 1354 Passagiere.

485 1399 572 1459 3.)
609 1397 681 1457 Wir
725 1396 864 1456 haben
907 1394 995 1454 mit
1031 1394 1322 1454 Genugtuung
1359 1394 1505 1454 davon
1548 1394 1782 1454 Kenntnis
1818 1394 2087 1454 genommen,
2124 1395 2233 1455 dass
2277 1396 2356 1456 Sie
2393 1395 2474 1455 die
2517 1394 2721 1454 "Rhein-

601 1496 810 1556 felden"
850 1496 1052 1556 unserer
1092 1496 1447 1556 Gesellschaft
1488 1496 1722 1556 jeveilen
1763 1497 1803 1557 im
1851 1498 2117 1558 Anschluss
2158 1498 2207 1558 en
2247 1496 2335 1556 die
2368 1495 2601 1555 General-

602 1599 982 1659 versammlungen
1030 1600 1169 1660 unter
1210 1600 1507 1660 vorheriger
1549 1600 1930 1660 Verständigung
1971 1600 2054 1660 mit
2095 1600 2234 1660 Ihnen
2275 1600 2358 1660 für
2399 1600 2510 1660 eine
2545 1601 2689 1661 Frei-

598 1699 744 1759 fahrt
784 1700 1285 1760 Basel-Kheinfelden
1331 1700 1411 1760 zur
1451 1702 1712 1762 Verfügung
1758 1702 1992 1762 stellen.
2032 1702 2172 1762 Diese
2212 1700 2626 1760 Entgegenkommen

606 1799 713 1859 wird
756 1801 1049 1861 zweifelles
1093 1804 1171 1864 der
1214 1804 1565 1864 diesjährigen
1608 1804 2145 1864 Generalversarmlung
2188 1804 2267 1864 der
2303 1804 2510 1864 Verkauf
2546 1804 2632 1864 des

596 1903 832 1963 Schiffes
873 1904 1241 1964 erleichtern.

472 2008 565 2068 4.)
601 2008 681 2068 Sie
716 2008 889 2068 räumen
932 2008 1134 2068 unserer
1178 2006 1538 2066 Gesellschaft
1574 2008 1660 2068 für
1696 2008 1775 2068 den
1818 2008 1926 2068 Fall
1969 2008 2114 2068 einer
2157 2009 2690 2069 Wiederveräusserung

598 2107 681 2167 des
726 2107 962 2167 Schiffes
1007 2108 1386 2168 "Rheinfelden"
1424 2108 1508 2168 das
1545 2110 1939 2170 Verkaufsrecht
1977 2111 2090 2171 ein.

786 2208 932 2268 Unter
973 2210 1050 2270 der
1091 2212 1514 2272 Veraussetzung,
1548 2212 1659 2272 dass
1700 2212 1784 2272 Sie
1818 2210 2144 2270 vorstehende
2186 2210 2602 2270 Modifikationen

484 2314 752 2374 annehmen,
787 2312 957 2372 werden
999 2312 1084 2372 wir
1127 2312 1204 2372 die
1246 2312 1784 2372 Generalversammlung
1826 2312 1904 2372 auf
1946 2314 2179 2374 Dienstag
2222 2314 2307 2374 10.
2342 2314 2484 2374 April
2526 2314 2638 2374 ein-

486 2410 682 2470 berufen
722 2411 899 2471 zwecks
939 2411 1320 2471 Unterbreitung
1367 2410 1441 2470 des
1489 2410 1753 2470 Verkaufs.
1787 2410 1841 2470 Da
1882 2410 1957 2470 die
2004 2411 2322 2471 Einberufung
2363 2413 2444 2473 auf
2486 2414 2540 2474 14
2580 2416 2688 2476 Tage

480 2513 718 2573 erfolgen
756 2513 902 2573 muss,
940 2513 1109 2573 bitten
1156 2513 1232 2573 wir
1278 2514 1325 2574 um
1370 2515 1877 2575 sofortige
1946 2516 2329 2576 Beantwortung.

784 2615 1074 2675 Genehmigen
1119 2617 1229 2677 Sie,
1267 2617 1383 2677 sehr
1423 2617 1622 2677 geehrte
1668 2617 1874 2677 Herren,
1913 2617 1990 2677 den
2035 2617 2268 2677 Ausdruck
2307 2617 2507 2677 unserer

472 2722 837 2782 vorzüglichen
882 2719 1252 2779 Hochachtung:

1526 2801 1660 2861 Basler
1684 2804 2378 2864 Personenschiffahrtsgeselischaft

1766 2857 1826 2917 Der
1845 2860 2133 2920 Geschäftsführer:
