2925 3605
1567 299 1587 359 2
1634 295 1654 355 -

1749 394 2412 454 Rheinfeldon.
2451 391 2662 451 2.4.29.

694 413 803 473 Kur-
849 409 923 469 und
960 404 1418 464 Verkehrsverein,

698 513 1085 573 angelegenheit
1124 508 1392 568 eingehen,
1431 506 1481 566 in
1521 504 1599 564 der
1640 502 1888 562 Annahme,
1917 499 2036 559 dass
2076 497 2155 557 die
2195 494 2373 554 Basler

699 605 1630 665 Personenschiffahrtsgesellschaft
1670 601 1843 661 selbst
1883 599 1994 659 nach
2035 598 2248 658 Verkauf
2288 595 2369 655 des
2410 590 2642 650 Schiffes

727 712 1086 772 Rheinfelden"
1122 709 1174 769 an
1217 707 1298 767 uns
1335 705 1444 765 sich
1489 701 1723 761 auflösen
1759 700 1906 760 wird.

1302 803 1384 863 Wir
1426 800 1657 860 erklären
1698 798 1780 858 uns
1821 797 1995 857 Mermit
2036 796 2243 856 bereit,
2275 793 2366 853 mit
2408 792 2482 852 dem

700 910 776 970 uns
823 910 900 970 zur
938 907 1205 967 Verfügung
1252 903 1510 963 stehenden
1557 898 1881 958 Schiffspark
1920 894 2005 954 die
2044 892 2349 952 Schiffahrt
2386 890 2614 950 zwischen

706 1012 836 1072 Basel
883 1009 958 1069 und
1005 1006 1323 1066 Kheinfelden
1369 1002 1668 1062 mindestens
1705 1000 1753 1060 in
1799 998 1873 1058 dem
1921 995 2211 1055 bisherigen
2257 991 2331 1051 von
2379 988 2453 1048 der

697 1111 873 1171 Basler
914 1103 1848 1163 Personenschiffahrtsgesellschaft
1887 1093 2300 1153 durchgeführten
2339 1088 2486 1148 Masse

706 1210 941 1270 aufrecht
979 1207 1027 1267 zu
1074 1204 1338 1264 erhalten.
1376 1201 1517 1261 Diese
1555 1197 1942 1257 Verpflichtung
1979 1192 2272 1252 übernehmen
2309 1189 2395 1249 wir
2432 1189 2574 1249 Ihnen

700 1309 960 1369 gegenüber
1011 1306 1081 1366 für
1121 1303 1211 1363 die
1251 1302 1392 1362 Dauer
1433 1300 1512 1360 von
1552 1299 1672 1359 fünf
1702 1295 1914 1355 Jahren.
1953 1294 2034 1354 Das
2074 1291 2304 1351 Eingehen
2345 1286 2434 1346 der

711 1406 1093 1466 Verpflichtung
1130 1403 1215 1463 für
1252 1401 1392 1461 diese
1429 1399 1578 1459 Frist
1616 1397 1727 1457 will
1766 1395 1849 1455 nun
1886 1393 1998 1453 aber
2045 1390 2334 1450 keineswegs
2381 1387 2642 1447 bedeuten.

709 1510 826 1570 dass
865 1508 944 1568 wir
982 1506 1099 1566 etwa
1139 1504 1217 1564 nur
1256 1504 1334 1564 die
1374 1501 1579 1561 Absicht
1618 1497 1793 1557 haben,
1833 1495 1940 1555 noch
1979 1493 2097 1553 fünf
2136 1491 2274 1551 Jahre
2312 1489 2419 1549 nach
2469 1486 2635 1546 Rhein-

712 1607 877 1667 felden
923 1606 977 1666 zu
1014 1605 1188 1665 fahren
1234 1603 1308 1663 und
1345 1601 1455 1661 dann
1501 1599 1583 1659 die
1619 1595 2161 1655 Personenschiffahrt
2198 1588 2427 1648 eingehen
2473 1587 2519 1647 zu

718 1708 914 1768 lassen.
953 1706 1042 1766 Wir
1081 1705 1219 1765 heben
1258 1703 1306 1763 in
1347 1701 1640 1761 Gegenteil,
1680 1697 1768 1757 wie
1807 1696 1857 1756 je
1896 1694 2033 1754 schon
2082 1693 2161 1753 die
2200 1691 2278 1751 von
2319 1688 2406 1748 uns
2435 1685 2612 1745 durch-

713 1804 977 1864 geführten
1016 1801 1399 1861 Schiffsbauten
1438 1798 1703 1858 beweisen,
1743 1796 1821 1856 die
1860 1794 2096 1854 Absicht,
2135 1791 2222 1851 die
2262 1788 2527 1848 Personen-

712 1906 1005 1966 schiffahrt
1050 1902 1160 1962 nach
1197 1900 1517 1960 Rheinfelden
1563 1897 1701 1957 immer
1737 1894 1856 1954 mehr
1893 1893 1939 1953 zu
1985 1891 2305 1951 entwickeln.
2342 1888 2516 1948 Ausser

719 2008 793 2068 dem
841 2006 916 2066 von
964 2004 1039 2064 uns
1086 2002 1407 2062 angekauften
1445 1996 1625 2056 Schiff
1671 1993 2049 2053 "Rheinfelden"
2087 1989 2256 2049 stehen
2295 1988 2379 2048 uns
2417 1988 2502 2048 zur

718 2106 985 2166 Verfügung
1024 2104 1100 2164 das
1147 2101 1320 2161 Schiff
1368 2099 1530 2159 "Vogel
1568 2097 1740 2157 Cryff"
1788 2095 1864 2155 und
1902 2093 1979 2153 das
2026 2092 2132 2152 Ende
2170 2091 2285 2151 Juni
2323 2089 2494 2149 fertig

718 2206 950 2266 werdende
996 2204 1162 2264 Schiff
1219 2200 1589 2260 "Lällekönig",
1626 2198 1710 2258 das
1747 2196 1830 2256 ca.
1867 2195 1951 2255 300
1988 2194 2165 2254 Plätze
2202 2192 2285 2252 und
2322 2191 2406 2251 320
2443 2190 2554 2250 P.S.

718 2305 1162 2365 Maschinenstärke
1204 2304 1339 2364 haben
1381 2302 1524 2362 wird.
1566 2300 1616 2360 Es
1658 2299 1742 2359 ist
1777 2293 2340 2353 selbstverständlich,
2381 2290 2490 2350 dass

722 2410 799 2470 wir
847 2407 954 2467 auch
993 2407 1099 2467 nach
1147 2403 1409 2463 Erlöschen
1448 2401 1535 2461 der
1564 2396 1951 2456 Verpflichtung
2000 2392 2135 2452 Ihnen
2174 2390 2435 2450 gegenüber

720 2508 860 2568 schon
904 2506 984 2566 aus
1028 2503 1195 2563 unserm
1239 2500 1442 2560 eigenen
1477 2497 1953 2557 wirtschaftlichen
1997 2492 2261 2552 Interesse
2297 2490 2341 2550 an
2393 2488 2472 2548 der

725 2606 1265 2666 Personenschiffahrt
1305 2602 1475 2662 heraus
1515 2599 1604 2659 die
1635 2599 1785 2659 Fahrt
1824 2596 1935 2656 nach
1975 2593 2294 2653 Rheinfolden
2345 2590 2514 2650 weiter

735 2709 934 2769 pflegen
990 2706 1061 2766 und
1103 2702 1401 2762 entwickeln
1443 2701 1642 2761 werden.

1292 2800 1469 2860 Unsere
1504 2798 1893 2858 Verpflichtung
1935 2795 2079 2855 Ihnen
2121 2791 2383 2851 gegenüber
2418 2786 2561 2846 tritt

724 2908 776 2968 in
811 2906 960 2966 Kraft
996 2905 1049 2965 an
1092 2904 1162 2964 dem
1206 2903 1347 2963 Tage,
1391 2901 1435 2961 an
1478 2900 1558 2960 dem
1602 2899 1681 2959 die
1724 2896 2260 2956 Generalversammlung
2295 2892 2384 2952 der
2419 2890 2594 2950 Basler

720 2999 1657 3059 Personenschiffahrtsgesellschaft
1700 2996 1778 3056 den
1813 2996 2021 3056 Verkauf
2064 2994 2142 3054 des
2186 2990 2411 3050 Schiffes

740 3104 1123 3164 "Rheinfelden"
1158 3102 1213 3162 an
1253 3100 1335 3160 uns
1383 3098 1677 3158 genehmigt.

1321 3199 1405 3259 Sie
1447 3197 1615 3257 dürfen
1657 3196 1926 3256 überzeugt
1969 3194 2111 3254 sein,
2154 3193 2263 3253 dass
2305 3190 2389 3250 wir
2422 3187 2574 3247 alles

2181 3298 2287 3358 ./.
