2925 3606
2465 260 2507 320 2

703 298 897 358 Basler

1545 317 1721 377 Basel,
1763 317 1842 377 den
1885 317 1940 377 3.
1976 316 2122 376 April
2165 315 2311 375 1928.

304 370 1265 430 Rheinschiffahrt-Aktiengesellschaft

636 434 903 494 Marktgasse
936 434 947 494 5

631 527 778 587 Postfach
814 527 911 587 Basel
938 527 951 587 I

544 571 726 631 Telephon:
749 571 894 631 Safran
930 571 1030 631 47.90

546 617 782 677 Telegramme:
813 614 1023 674 Navibale

1364 617 1533 677 Basler
1577 616 2569 676 Personenschiffahrtsgesellschaft,

540 659 739 719 Postcheck-
752 658 862 718 Konto
894 659 912 719 V
946 660 1022 720 3012

303 713 621 773 Bankverbindung:
639 712 919 772 Schweizerischer
936 713 1155 773 Bankverein,
1168 715 1260 775 Basel

1791 719 2102 779 Basel.

777 871 868 931 R/M

767 1067 997 1127 Betrifft
1039 1067 1151 1127 Kauf
1198 1066 1581 1126 "Rheinfelden"

769 1118 846 1178 Ihr
893 1117 1148 1177 Schreiben
1195 1115 1271 1175 vom
1318 1115 1404 1175 24.
1434 1116 1581 1176 März.

1403 1214 1480 1274 Wir
1524 1214 1633 1274 sind
1677 1214 1721 1274 im
1765 1214 1968 1274 Besitze
2017 1214 2154 1274 Ihrer
2198 1213 2467 1273 Zuschrift
2505 1213 2582 1273 vom

758 1318 834 1378 24.
872 1318 1018 1378 März,
1061 1316 1202 1376 deren
1245 1316 1607 1376 Beantwortung
1657 1315 1759 1375 sich
1808 1315 2013 1375 dadurch
2057 1313 2198 1373 etwas
2241 1312 2511 1372 verzögert

768 1418 874 1478 hat,
919 1417 1025 1477 dass
1070 1415 1244 1475 zuerst
1283 1415 1395 1475 noch
1440 1414 1518 1474 die
1557 1414 1826 1474 Abklärung
1872 1414 2074 1474 einiger
2118 1414 2471 1474 Einzelheiten

763 1517 838 1577 mit
877 1517 1022 1577 Herrn
1066 1516 1335 1576 Oettinger
1379 1514 1611 1574 zusammen
1653 1515 1924 1575 notwendig
1966 1517 2080 1577 war.

1408 1616 1480 1676 Wir
1521 1615 1752 1675 erlauben
1799 1615 1912 1675 uns,
1959 1616 2005 1676 zu
2046 1616 2129 1676 den
2175 1616 2252 1676 von
2298 1615 2437 1675 Ihnen
2484 1612 2561 1672 an-

764 1718 1026 1778 geführten
1072 1717 1271 1777 Punkten
1317 1715 1545 1775 folgende
1591 1715 1882 1775 Vorschläge
1928 1715 1974 1775 zu
2019 1716 2224 1776 machen.

1402 1816 1445 1876 1.
1487 1815 1568 1875 Wir
1616 1814 1723 1874 sind
1772 1813 1916 1873 damit
1959 1814 2393 1874 einverstanden,
2436 1813 2511 1873 den

777 1916 906 1976 Ihnen
950 1915 1152 1975 anfangs
1197 1915 1523 1975 angebotenen
1567 1915 1831 1975 Kaufpreis
1876 1915 1949 1975 von
1994 1915 2078 1975 Fr.
2123 1915 2387 1975 100.000.-
2432 1915 2510 1975 auf

763 2012 850 2072 Fr.
890 2014 1187 2074 105.864.65
1255 2015 1309 2075 zu
1356 2015 1585 2075 erhöhen,
1625 2015 1673 2075 um
1720 2014 1862 2074 Ihnen
1902 2014 1983 2074 die
2023 2014 2381 2074 Ausschüttung
2428 2015 2502 2075 von
2550 2016 2597 2076 20
2637 2017 2657 2077 %

776 2116 853 2176 auf
895 2116 972 2176 das
1019 2116 1676 2176 Genossenschaftskapital
1718 2116 1764 2176 zu
1811 2116 2162 2176 ermöglichen.

1383 2216 1427 2276 2.
1471 2215 1554 2275 Wir
1598 2215 1704 2275 sind
1748 2215 1959 2275 bereit,
2009 2215 2081 2275 für
2126 2215 2242 2275 zwei
2280 2215 2419 2275 Jahre

768 2317 843 2377 die
892 2317 1280 2377 Vergünstigung
1324 2315 1647 2375 einzuräumen
1696 2315 1771 2375 zum
1820 2315 1960 2375 Bezug
2009 2314 2149 2374 eines
2192 2314 2521 2374 Freibillets

763 2417 837 2477 pro
880 2416 1240 2476 Anteilschein
1289 2416 1364 2476 und
1407 2416 1520 2476 Jahr
1568 2416 1643 2476 für
1692 2416 1799 2476 eine
1842 2416 1987 2476 Fahrt
2025 2416 2105 2476 von
2148 2417 2293 2477 Basel
2330 2416 2443 2476 nach
2492 2416 2658 2476 Rhein-

773 2516 939 2576 felden
987 2518 1062 2578 und
1105 2518 1276 2578 zurück
1319 2516 1367 2576 an
1415 2516 1549 2576 einem
1597 2518 1832 2578 Werktag.

1371 2615 1415 2675 3.
1459 2617 1542 2677 Wir
1586 2618 1696 2678 sind
1735 2618 1939 2678 bereit,
1988 2618 2126 2678 Ihnen
2170 2618 2253 2678 das
2291 2617 2621 2677 Boot"Rhein-

779 2717 1006 2777 felden",
1046 2717 1215 2777 sofern
1262 2717 1372 2777 Ihre
1413 2717 1774 2777 Gesellschaft
1808 2719 1983 2779 weiter
2024 2720 2256 2780 bestehen
2297 2719 2501 2779 bleiben

774 2819 917 2879 soll,
960 2818 1040 2878 für
1082 2818 1188 2878 eine
1231 2819 1496 2879 Freifahrt
1539 2820 1581 2880 im
1629 2821 1889 2881 Anschluss
1932 2821 1980 2881 an
2027 2822 2107 2882 die
2150 2821 2596 2881 Generalversamm-

776 2923 882 2983 lung
928 2923 1000 2983 von
1046 2923 1192 2983 Basel
1231 2924 1338 2984 nach
1383 2926 1708 2986 Rheinfelden
1759 2926 1837 2986 und
1876 2927 2051 2987 zurück
2096 2927 2174 2987 zur
2219 2927 2483 2987 Verfügung
2528 2927 2573 2987 zu

767 3022 1031 3082 stellen.

1402 3122 1446 3182 4.
1490 3122 1567 3182 Wir
1611 3124 1781 3184 räumen
1825 3124 1963 3184 Ihnen
2013 3124 2089 3184 für
2133 3124 2216 3184 den
2260 3125 2370 3185 Fall
2414 3124 2551 3184 einer

2424 3260 2524 3320 ./.
