2925 3607
1573 319 1592 379 2
1644 316 1664 376 -

766 427 929 487 Basler
971 422 1937 482 Personenschiffahrtsgesellschaft,
2005 419 2176 479 Basel.
2305 418 2509 478 4.4.28.

762 526 961 586 können,
1009 525 1085 585 Sie
1126 524 1237 584 dann
1278 524 1360 584 mit
1408 523 1546 583 Ihren
1587 523 1669 583 Fr.
1718 521 2034 581 25/30.000.-
2082 519 2192 579 eine
2233 517 2432 577 bessere

764 625 1293 685 Personenschiffahrt
1336 623 1414 683 als
1458 623 1536 683 wir
1579 622 1902 682 durchführen
1951 619 2152 679 können.
2194 619 2274 679 Wir
2316 617 2577 677 gestatten

761 727 872 787 uns,
912 725 989 785 bei
1029 725 1205 785 dieser
1245 724 1572 784 Gelegenheit
1612 722 1724 782 auch
1770 721 1940 781 darauf
1980 719 2336 779 hinzuweisen,
2383 719 2488 779 dass

765 826 835 886 Sie
881 824 1172 884 eigentlich
1218 824 1351 884 keine
1393 823 1752 883 Berechtigung
1793 821 1967 881 haben,
2009 821 2084 881 ein
2125 820 2357 880 Versagen
2403 818 2601 878 unseres

764 925 1568 985 Personenschiffahrtsverkehrs
1613 922 1904 982 anzunehmen
1954 920 2060 980 oder
2105 919 2524 979 vorauszusehen,

757 1025 869 1085 denn
914 1025 992 1085 bis
1031 1025 1171 1085 heute
1221 1024 1356 1084 haben
1400 1024 1484 1084 wir
1523 1024 1635 1084 doch
1680 1022 1971 1082 eigentlich
2015 1021 2278 1081 bewiesen,
2323 1019 2429 1079 dass
2474 1018 2552 1078 wir

766 1126 874 1186 sehr
916 1126 1023 1186 wohl
1072 1126 1113 1186 in
1161 1126 1239 1186 der
1287 1126 1395 1186 Lage
1436 1124 1580 1184 sind,
1623 1123 1760 1183 einen
1808 1120 2592 1180 Personenschiffahrtsverkehr

764 1225 990 1285 zwischen
1031 1225 1174 1285 Basel
1222 1225 1293 1285 und
1335 1223 1662 1283 Rheinfelden
1710 1223 1787 1283 auf
1829 1222 2245 1282 wirtschaftlich
2287 1219 2518 1279 gesunder

770 1327 1028 1387 Grundlage
1070 1324 1496 1384 durchzuführen.

1408 1426 1479 1486 Wir
1522 1426 1658 1486 sehen
1706 1424 1843 1484 Ihrer
1885 1424 2028 1484 gefl.
2064 1423 2397 1483 Mitteilung,
2440 1421 2487 1481 ob
2535 1421 2606 1481 Sie

760 1528 930 1588 bereit
971 1528 1117 1588 sind,
1163 1528 1239 1588 für
1280 1527 1356 1587 den
1403 1526 1544 1586 Fall,
1584 1525 1696 1585 dass
1742 1523 1848 1583 Ihre
1894 1522 2251 1582 Gesellschaft
2292 1522 2526 1582 bestehen

758 1628 960 1688 bleibt,
1000 1628 1081 1688 die
1127 1627 1203 1687 von
1249 1627 1329 1687 uns
1370 1627 1670 1687 geforderte
1710 1625 1976 1685 Bedingung
2022 1624 2351 1684 anzunehmen,
2398 1622 2536 1682 gerne

771 1729 1049 1789 entgegen.

1826 1822 2163 1882 Hochachtend

1950 1870 2132 1930 BASLER

1531 1921 2490 1981 INSCHIFFAHRT-AKTIENGESZLLSCHAFT

1645 2062 1706 2122 had

1979 2115 2400 2175 Migs
