2870 4386
1181 439 1597 499 Vertrag

1163 538 1394 598 zwischen
1442 536 1524 596 der

637 645 812 705 Basler
856 635 1798 695 Personenschiffahrtsgesellschaft
1835 632 1886 692 in
1929 631 2075 691 Basel

907 694 970 754 (im
1012 689 1275 749 folgenden
1318 685 1856 745 Personenschiffahrt
1892 682 2132 742 genannt)

1284 788 1358 848 als
1405 784 1736 844 Verkäuferin

1444 885 1519 945 und
1563 886 1651 946 der

636 996 809 1056 Basler
846 988 1904 1048 Rheinschiffahrt-Aktiengesellschaft
1941 983 1986 1043 in
2031 983 2173 1043 Basel

989 1044 1048 1104 (im
1095 1042 1363 1102 folgenden
1409 1039 1584 1099 Basler
1624 1036 1872 1096 genannt)

1322 1142 1409 1202 als
1447 1139 1704 1199 Käuferin

1412 1238 1530 1298 über
1586 1240 1676 1300 die

926 1345 1287 1405 Veräusserung
1326 1343 1413 1403 des
1452 1340 1813 1400 Dieselbootes
1860 1334 2245 1394 "Rheinfelden"

1420 1492 1612 1552 Art.1.

900 1597 984 1657 Die
1024 1595 1194 1655 Basler
1232 1594 1442 1654 erwirbt
1480 1591 1557 1651 von
1604 1590 1681 1650 der
1728 1586 2261 1646 Personenschiffahrt
2300 1582 2385 1642 das

599 1698 1048 1758 betriebsbereite
1089 1693 1388 1753 Dieselboot
1430 1689 1821 1749 "Rheinfelden"
1863 1687 1937 1747 zum
1979 1685 2278 1745 Kaufpreise
2320 1684 2394 1744 von

598 1798 984 1858 Fr.105.864.65
1083 1787 2482 1847 einhundertfünftausendachthundertvierundsechzig

589 1899 797 1959 Franken
845 1897 918 1957 und
966 1892 1390 1952 fünfundsechzig
1431 1892 1734 1952 Centimes).

1414 1991 1631 2051 Art.2.

906 2097 949 2157 In
991 2095 1160 2155 diesem
1202 2092 1466 2152 Kaufpreis
1508 2090 1619 2150 sind
1661 2088 1923 2148 enthalten
1965 2086 2042 2146 die
2084 2082 2474 2142 Landungsstege

617 2198 785 2258 Breite
836 2194 1290 2254 (ausschliesslich
1340 2191 1600 2251 Fontons),
1642 2188 1903 2248 Waldhaus,
1937 2183 2391 2243 Schweizerhalle,
2425 2179 2567 2239 alles

617 2298 695 2358 zum
738 2296 905 2356 Schiff
949 2294 1211 2354 gehörende
1255 2291 1482 2351 Inventar
1526 2289 1674 2349 nebst
1709 2285 2095 2345 Reserveteilen
2138 2281 2216 2341 und
2261 2279 2522 2339 sämtliche

613 2398 967 2458 Gegenstände,
1003 2396 1082 2456 die
1126 2395 1197 2455 zum
1241 2393 1543 2453 Unterhalt,
1578 2391 1657 2451 zur
1701 2388 2003 2448 Reinigung,
2029 2382 2605 2442 Brennstoffbunkerung

618 2500 730 2560 etc.
769 2498 1031 2558 notwendig
1079 2494 1190 2554 sind
1229 2494 1303 2554 und
1351 2491 1426 2551 die
1472 2489 1708 2549 Eigentum
1745 2487 1830 2547 der
1867 2483 2413 2543 Personenschiffahrt
2450 2477 2534 2537 bei

621 2601 874 2661 Abschluss
917 2597 1091 2657 dieses
1127 2594 1388 2654 Vertrages
1440 2591 1693 2651 (Stichtag
1737 2588 1937 2648 5.April
1981 2587 2130 2647 1928)
2164 2585 2365 2645 gewesen
2408 2584 2556 2644 sind.

1394 2692 1593 2752 Art.3.

915 2798 995 2858 Die
1035 2797 1205 2857 Basler
1246 2794 1602 2854 verpflichtet
1642 2791 1746 2851 sich
1788 2788 2054 2848 gegenüber
2094 2786 2175 2846 dem
2216 2785 2329 2845 Kur-
2377 2783 2450 2843 und
2491 2783 2603 2843 Ver-

626 2900 942 2960 kehrsverein
984 2896 1342 2956 Rheinfelden,
1375 2894 1459 2954 der
1500 2893 1575 2953 von
1617 2891 1700 2951 der
1742 2887 2283 2947 Personenschiffahrt
2317 2884 2399 2944 als

619 3000 915 3060 Kontrahent
958 2998 1037 3058 für
1072 2996 1150 3056 die
1194 2993 1699 3053 Aufrechterhaltung
1743 2988 1821 3048 der
1864 2986 2162 3046 Schiffahrt
2196 2982 2553 3042 Basel-Rhein-

621 3101 785 3161 felden
828 3098 1122 3158 bezeichnet
1165 3096 1339 3156 wurde,
1373 3092 1580 3152 während
1624 3091 1737 3151 fünf
1771 3088 1944 3148 Jahren
1987 3086 2074 3146 die
2117 3085 2411 3145 Schiffahrt
2455 3083 2558 3143 nach

616 3200 939 3260 Rheinfelden
983 3199 1027 3259 im
1071 3196 1359 3256 bisherigen
1403 3193 1482 3253 von
1526 3192 1613 3252 der
1649 3187 2191 3247 Personenschiffahrt
2235 3182 2646 3242 durchgeführten

622 3302 765 3362 Masse
801 3301 1043 3361 aufrecht
1078 3298 1132 3358 zu
1176 3296 1445 3356 erhalten.
1481 3292 1624 3352 Diese
1660 3289 2054 3349 Verpflichtung
2098 3285 2330 3345 bedeutet
2367 3283 2608 3343 indessen

624 3403 765 3463 keine
800 3401 1011 3461 Bindung
1047 3398 1134 3458 auf
1170 3397 1249 3457 den
1293 3396 1373 3456 von
1416 3394 1496 3454 der
1540 3389 2086 3449 Personenschiffahrt
2131 3385 2509 3445 eingehaltenen

610 3502 887 3562 Fahrplan.
924 3499 1004 3559 Die
1040 3498 1157 3558 neue
1192 3493 1740 3553 Fahrplangestaltung
1784 3490 1865 3550 ist
1910 3487 2053 3547 Sache
2089 3486 2179 3546 der
2215 3485 2421 3545 Basler.

1409 3596 1602 3656 Art.4.

934 3699 1012 3759 Die
1055 3695 1584 3755 Personenschiffahrt
1628 3692 1731 3752 oder
1774 3689 1913 3749 deren
1956 3686 2252 3746 eventuelle
2286 3682 2615 3742 Rechtsnach-

633 3803 793 3863 folger
841 3800 1191 3860 verpflichten
1228 3796 1341 3856 sich
1380 3794 1709 3854 ihrerseits,
1748 3791 1946 3851 während
1993 3788 2069 3848 der
2106 3787 2248 3847 Dauer
2295 3785 2371 3845 der
2409 3782 2645 3842 nächsten

624 3904 734 3964 fünf
771 3903 920 3963 Jahre
956 3901 1096 3961 weder
1142 3899 1188 3959 in
1234 3898 1373 3958 Basel
1410 3895 1521 3955 noch
1567 3893 1798 3953 Umgebung
1844 3887 2380 3947 Personenschiffahrt
2417 3883 2501 3943 mit
2547 3881 2621 3941 ei-
