2840 4397
1406 391 1490 451 -2-

583 503 752 563 genen,
769 499 1056 559 gemieteten
1098 496 1209 556 oder
1251 493 1488 553 sonstwie
1521 490 2063 550 verfügungsbereiten
2105 487 2333 547 Schiffen
2375 485 2426 545 zu

587 601 774 661 treiben
822 599 903 659 und
945 598 1140 658 treiben
1188 597 1237 657 zu
1279 595 1490 655 lassen,
1522 593 1637 653 noch
1661 591 1742 651 sich
1799 590 1946 650 weder
1987 587 2157 647 direkt
2198 586 2312 646 noch
2353 584 2588 644 indirekt

582 703 625 763 an
677 702 807 762 einem
852 700 1095 760 Betrieb,
1139 697 1217 757 der
1251 697 1304 757 in
1347 695 1495 755 Basel
1540 694 1617 754 und
1661 691 1896 751 Umgebung
1939 685 2479 745 Personenschiffahrt

588 802 750 862 treibt
792 799 904 859 oder
946 798 997 858 zu
1040 797 1244 857 treiben
1286 794 1679 854 beabsichtigt,
1712 793 1764 853 zu
1807 791 2139 851 beteiligen,
2172 787 2283 847 auch
2326 784 2471 844 nicht

589 903 634 963 in
680 902 787 962 Form
832 901 1037 961 blosser
1076 897 1342 957 Mitarbeit
1380 894 1494 954 oder
1533 892 1798 952 Beratung.

1437 994 1616 1054 Art.5.

1043 1099 1123 1159 Die
1163 1097 1211 1157 in
1252 1096 1397 1156 Art.3
1437 1094 1518 1154 und
1558 1093 1574 1153 4
1614 1091 1970 1151 festgelegten
2010 1086 2397 1146 gegenseitigen
2437 1080 2549 1140 Ver-

592 1201 938 1261 pflichtungen
983 1196 1211 1256 erneuern
1256 1195 1365 1255 sich
1410 1190 1857 1250 stillschweigend
1894 1186 2002 1246 ohne
2040 1184 2313 1244 weiteres,
2322 1182 2431 1242 wenn
2477 1180 2549 1240 sie

586 1303 730 1363 nicht
766 1300 839 1360 ein
884 1299 1000 1359 Jahr
1037 1297 1118 1357 vor
1163 1294 1334 1354 Ablauf
1379 1291 1460 1351 der
1506 1289 1857 1349 fünfjährigen
1893 1286 2037 1346 Frist
2073 1284 2343 1344 gekündigt
2379 1282 2586 1342 werden.

601 1402 707 1462 Eine
747 1400 1020 1460 Kündigung
1058 1396 1264 1456 seitens
1303 1395 1380 1455 der
1420 1390 1966 1450 Personenschiffahrt
2005 1384 2112 1444 oder
2151 1382 2297 1442 deren
2336 1380 2668 1440 Rechtsnach-

601 1501 768 1561 folger
832 1499 916 1559 ist
962 1498 1046 1558 nur
1083 1495 1325 1555 möglich,
1362 1492 1464 1552 wenn
1510 1490 1593 1550 die
1631 1488 1807 1548 Basler
1844 1486 1956 1546 ihre
2002 1482 2447 1542 Verpflichtungen
2485 1480 2596 1540 nach

589 1604 720 1664 Art.3
764 1601 913 1661 nicht
948 1598 1221 1658 innehält,
1256 1594 1553 1654 wesentlich
1588 1591 1825 1651 verletzt
1870 1588 1983 1648 oder
2018 1585 2255 1645 kündigt.

1046 1695 1460 1755 Streitigkeiten
1501 1692 1615 1752 über
1647 1687 2070 1747 Nichteinhalten
2120 1684 2192 1744 der
2233 1682 2623 1742 Verpflichtung

610 1804 682 1864 der
718 1801 892 1861 Basler
937 1798 1101 1858 werden
1147 1796 1283 1856 einem
1329 1792 1748 1852 Schiedsgericht
1784 1787 2176 1847 unterbreitet,
2212 1784 2267 1844 zu
2303 1783 2385 1843 dem
2431 1781 2512 1841 jue

599 1902 762 1962 Partei
807 1900 944 1960 einen
990 1897 1254 1957 Vertreter
1290 1894 1527 1954 ernennt,
1563 1892 1646 1952 die
1691 1889 1983 1949 ihrerseits
2028 1888 2102 1948 den
2147 1885 2319 1945 Obmann
2357 1881 2565 1941 wählen.

599 2002 834 2062 Herrscht
870 1999 989 2059 über
1025 1999 1097 2059 den
1143 1997 1316 2057 Obmann
1352 1995 1498 2055 nicht
1534 1993 1843 2053 Einigkeit,
1879 1991 1924 2051 so
1960 1989 2197 2049 bestimmt
2242 1986 2314 2046 ihn
2360 1984 2442 2044 ein
2478 1981 2650 2041 Zivil-

604 2104 1114 2164 gerichtspräsident
1154 2098 1235 2158 des
1275 2096 1664 2156 Zivilgerichts
1697 2093 1874 2153 Basel.

1454 2195 1629 2255 Art.6.

1057 2300 1135 2360 Die
1174 2299 1347 2359 Basler
1386 2296 1591 2356 gewährt
1630 2294 1709 2354 pro
1748 2290 2101 2350 Anteilschein
2149 2287 2227 2347 der
2274 2284 2533 2344 Personen-

602 2404 899 2464 schiffahrt
934 2402 1024 2462 auf
1060 2400 1141 2460 die
1186 2398 1330 2458 Dauer
1365 2395 1446 2455 von
1491 2393 1608 2453 zwei
1644 2390 1823 2450 Jahren
1869 2389 1940 2449 ein
1985 2387 2317 2447 Freibillet,
2326 2387 2497 2447 gültig

600 2506 648 2566 an
689 2505 950 2565 Werktagen
998 2500 1080 2560 für
1121 2498 1227 2558 eine
1268 2495 1414 2555 Fahrt
1455 2491 1960 2551 Basel-Rheinfelden
2009 2488 2090 2548 und
2131 2488 2334 2548 zurück.

1068 2599 1233 2659 Sollte
1272 2597 1351 2657 die
1398 2593 1933 2653 Personenschiffahrt
1973 2590 2059 2650 als
2099 2586 2461 2646 Gesellschaft
2493 2583 2579 2643 be-

617 2705 783 2765 stehen
829 2701 1060 2761 bleiben,
1106 2699 1153 2759 so
1189 2698 1365 2758 stellt
1401 2695 1485 2755 die
1522 2693 1697 2753 Basler
1735 2690 2067 2750 alljährlich
2103 2686 2400 2746 anlässlich
2446 2684 2519 2744 der

611 2801 1139 2861 Generalversammlung
1176 2798 1259 2858 das
1304 2796 1413 2856 Bott
1459 2794 1843 2854 "Rheinfelden"
1888 2791 1961 2851 für
2006 2789 2116 2849 eine
2153 2787 2426 2847 Freifahrt
2464 2784 2636 2844 Basel-

608 2905 932 2965 Rheinfelden
981 2902 1059 2962 und
1101 2899 1270 2959 zurück
1319 2896 1397 2956 zur
1439 2894 1742 2954 Verfügung.

1464 2996 1641 3056 Art.7.

1061 3099 1144 3159 Der
1181 3094 1723 3154 Personenschiffahrt
1768 3091 1880 3151 oder
1917 3089 2060 3149 deren
2098 3086 2579 3146 Rechtsnachfolger

606 3206 757 3266 wird,
795 3203 938 3263 falls
976 3201 1062 3261 die
1100 3200 1271 3260 Basler
1318 3198 1365 3258 je
1403 3194 1802 3254 beabsichtigt,
1840 3191 1925 3251 das
1964 3189 2077 3249 Boot
2124 3186 2514 3246 "Rheinfelden"
2552 3184 2599 3244 zu

614 3305 914 3365 verkaufen,
956 3302 1027 3362 ein
1078 3298 1463 3358 Vorkaufsrecht
1506 3293 1834 3353 eingeräumt.

1459 3395 1646 3455 Art.8.

1067 3499 1150 3559 Für
1187 3499 1330 3559 alles
1375 3498 1420 3558 in
1466 3496 1632 3556 diesem
1677 3493 1888 3553 Vertrag
1926 3490 2077 3550 nicht
2114 3487 2379 3547 Geregelte
2424 3485 2529 3545 sind

603 3605 683 3665 die
723 3604 1076 3664 Bestimmungen
1124 3601 1204 3661 des
1244 3597 1685 3657 schweizerischen
1733 3590 2278 3650 Obligationenrechts
2310 3587 2647 3647 massgebend.

1197 3700 1586 3760 Gerichtsstand
1625 3697 1703 3757 des
1748 3694 2014 3754 Vertrages
2053 3691 2137 3751 ist
2176 3691 2351 3751 Basel.

1962 3795 2049 3855 Die
2096 3791 2350 3851 Käuferin

609 3810 695 3870 Die
741 3806 1097 3866 Verkäuferin
