2685 3644
1738 234 2032 294 gynl
2079 215 2328 275 1928

354 275 398 335 58

1049 277 1139 337 DIE
1188 275 1668 335 RHEINQUELLEN

575 436 1057 496 Änderungen
1107 436 1166 496 in
1226 434 1344 494 der
1395 434 2198 494 Personenschiffahrt

990 524 1758 584 Basel-Rheinfelden

1404 621 1544 681 generös
1568 620 1629 680 und
1659 620 1818 680 ritterlich
1849 619 2044 679 empfinden
2075 619 2233 679 können.
2252 617 2289 677 Zu
2319 615 2429 675 dieser

382 623 532 683 Nachdem
582 623 646 683 sich
678 623 705 683 im
751 623 851 683 Jahre
883 623 961 683 1924
988 623 1038 683 die
1075 623 1207 683 «Basler
1235 622 1353 682 Perso¬

1407 665 1631 725 Konkurrenz
1681 665 1746 725 kam
1809 665 1938 725 sodann
1992 665 2075 725 noch
2130 664 2194 724 das
2240 661 2427 721 anhaltend

332 670 857 730 nenschiffahrtsgesellschaft»
879 670 941 730 mit
964 670 1021 730 der
1044 670 1110 730 rein
1137 668 1266 728 idealen
1298 668 1356 728 Ab¬

1411 710 1575 770 schlechte
1603 710 1730 770 Wetter
1758 709 1918 769 während
1947 708 2003 768 des
2026 707 2195 767 Sommers
2219 707 2322 767 1927.
2336 706 2426 766 Auch

328 716 417 776 sicht
436 715 644 775 gegründet,
667 715 714 775 die
747 715 804 775 vor
832 715 893 775 dem
935 715 1057 775 Kriege
1086 715 1119 775 so
1147 715 1279 775 beliebt
1302 713 1355 773 ge¬

1410 754 1429 814 im
1471 755 1654 815 laufenden
1687 754 1785 814 Jahre
1813 754 1874 814 hat
1893 752 1945 812 die
1973 752 2109 812 «Basler
2133 751 2414 811 Personenschiff

335 760 460 820 wesene
503 760 880 820 Personenschiffahrt
918 760 1087 820 zwischen
1139 760 1242 820 Basel
1286 760 1350 820 und

1408 799 1764 859 fahrtsgesellschaft»
1809 799 1867 859 der
1932 797 2055 857 Basler
2095 796 2432 856 Rheinschiffahrts¬

331 805 547 865 Rheinfelden
582 806 703 866 wieder
729 805 981 865 aufzunehmen
1011 805 1098 865 und,
1115 805 1266 865 nachdem
1310 805 1353 865 sie

1409 844 1519 904 A.-G.»
1541 844 1710 904 wiederum
1756 842 1825 902 eine
1852 842 2268 902 Betriebsgemeinschaft
2287 841 2432 901 angebo¬

331 851 417 911 hiezu
450 851 509 911 das
533 850 661 910 schöne
688 850 886 910 Dieselboot
908 850 1184 910 «Rheinfelden«
1207 850 1248 910 um
1289 848 1349 908 den

1413 888 1451 948 ten
1502 887 1583 947 oder
1625 887 1677 947 die
1715 887 1889 947 leihweise
1936 887 2176 947 Uebernahme
2224 886 2280 946 des
2313 884 2436 944 Bootes

331 896 418 956 Preis
445 896 505 956 von
533 896 620 956 rund
647 896 707 956 Fr.
725 896 863 956 160,000
891 896 955 956 hat
973 895 1120 955 erbauen
1152 895 1281 955 lassen,
1299 895 1358 955 hat

1414 932 1698 992 «Rheinfelden»,
1717 932 1800 992 aber
1819 932 1857 992 es
1882 932 1949 992 war
1973 932 2074 992 nicht
2094 931 2262 991 möglich,
2282 930 2339 990 auf
2364 929 2432 989 die¬

329 941 391 1001 sich
427 941 489 1001 der
521 940 852 1000 Personenverkehr
883 940 910 1000 in
950 941 1008 1001 der
1044 941 1147 1001 Folge
1178 941 1263 1001 ganz
1299 941 1357 1001 gut

1411 980 1458 1040 sem
1500 979 1613 1039 Boden
1646 979 1679 1039 zu
1712 979 1801 1039 einer
1834 978 2003 1038 Einigung
2031 977 2065 1037 zu
2097 977 2281 1037 kommen,
2304 975 2365 1035 und
2398 974 2431 1034 so

328 986 540 1046 entwickelt.
593 986 649 1046 Die
701 985 1358 1045 «Personenschiffahrtsgesellschaft:

1407 1024 1489 1084 blieb
1527 1024 1585 1084 der
1624 1024 1758 1084 «Basler
1792 1021 2427 1081 Personenschiffahrtsgesellschaft»

335 1033 405 1093 ging
434 1031 533 1091 nicht
551 1030 613 1090 auf
636 1030 796 1090 Gewinne
824 1030 899 1090 aus,
918 1030 1064 1090 sondern
1097 1028 1361 1088 beabsichtigte.

1407 1069 1515 1129 nichts
1538 1070 1689 1130 anderes
1712 1070 1810 1130 mehr
1834 1069 1951 1129 übrig,
1965 1069 2012 1129 als
2040 1067 2097 1127 der
2125 1067 2350 1127 Konkurrenz
2383 1066 2430 1126 die

331 1076 387 1136 auf
411 1076 721 1136 uneigennützigem
763 1075 876 1135 Boden
910 1075 956 1135 die
984 1073 1361 1133 Personenschiffahrt

1411 1115 1580 1175 käufliche
1624 1114 1871 1174 Ueberlassung
1916 1113 1975 1173 des
2005 1112 2128 1172 Bootes
2163 1110 2400 1170 «Rheinfelden

341 1121 394 1181 mit
416 1121 469 1181 der
496 1120 567 1180 Zeit
585 1120 802 1180 auszubauen
833 1118 894 1178 und
921 1118 952 1178 so
979 1118 1005 1178 im
1049 1118 1182 1178 Dienste
1209 1118 1267 1178 der
1289 1118 1342 1178 All

1410 1160 1630 1220 anzubieten.
1648 1159 1708 1219 Die
1735 1157 2143 1217 Generalversammlung
2176 1156 2231 1216 vom
2276 1156 2332 1216 10.
2345 1156 2441 1216 April

337 1166 543 1226 gemeinheit
561 1165 608 1225 ein
637 1163 824 1223 nützliches
852 1163 907 1223 und
936 1162 1231 1222 gemeinnütziges
1254 1160 1347 1220 Werk

1407 1205 1467 1265 hat
1486 1205 1542 1265 den
1571 1204 1725 1264 Verkauf
1749 1202 1847 1262 unter
1866 1202 1922 1262 den
1950 1202 2184 1262 obwaltenden
2217 1200 2423 1260 Umständen

334 1210 368 1270 zu
397 1210 634 1270 vollbringen.
658 1210 706 1270 Sie
730 1210 793 1270 hat
812 1209 865 1269 ihr
889 1208 981 1268 Boot
1010 1207 1281 1267 «Rheinfelden»
1305 1207 1343 1267 ge

1403 1249 1463 1309 zum
1508 1249 1622 1309 Preise
1652 1248 1712 1308 von
1747 1247 1807 1307 Fr.
1832 1247 1971 1307 105,000
2001 1246 2205 1306 genehmigt
2235 1246 2300 1306 und
2330 1245 2365 1305 so
2394 1244 2439 1304 ist

340 1255 410 1315 rade
443 1255 504 1315 aus
533 1253 645 1313 diesen
683 1253 838 1313 Gründen
880 1252 1012 1312 gemäss
1044 1252 1101 1312 dem
1152 1252 1345 1312 Grundsatz

1408 1294 1464 1354 nun
1506 1293 1563 1353 der
1596 1292 2112 1352 Personenschiffahrtsbetrieb
2155 1291 2178 1351 in
2220 1289 2324 1349 Basel
2352 1288 2413 1348 vom

336 1299 407 1359 dass
434 1298 638 1358 heimisches
665 1298 820 1358 Gewerbe
847 1297 1069 1357 vorzuziehen
1100 1295 1162 1355 sei,
1180 1295 1242 1355 und
1269 1295 1349 1355 nach

1418 1337 1518 1397 Boden
1564 1337 1623 1397 der
1651 1337 1989 1397 Gemeinnützigkeit
2020 1336 2084 1396 auf
2121 1334 2180 1394 den
2221 1334 2330 1394 Boden
2376 1333 2431 1393 des

344 1343 388 1403 den
419 1343 606 1403 Leitsätzen
637 1342 694 1402 des
721 1340 1253 1400 Schweizerwoche-Verbandes
1280 1340 1360 1400 voll¬

1411 1382 1825 1442 privatwirtschaftlichen
1866 1381 2222 1441 Geschäftsegoismus
2267 1379 2431 1439 hinüber¬

325 1390 457 1450 ständig
481 1388 505 1448 in
534 1387 593 1447 der
617 1387 768 1447 Schweiz
792 1385 948 1445 erstellen
978 1385 1104 1445 lassen.
1124 1384 1187 1444 Der
1211 1384 1357 1444 Schiffs¬

1403 1427 1592 1487 gerutscht.
1637 1426 1682 1486 Ob
1726 1424 1816 1484 diese
1855 1424 2054 1484 Wandlung
2099 1424 2249 1484 wirklich
2293 1424 2323 1484 im
2383 1423 2438 1483 In¬

332 1435 447 1495 rumpf
479 1433 543 1493 und
584 1433 639 1493 der
672 1432 823 1492 gesamte
859 1430 992 1490 Ausbau
1029 1430 1171 1490 erfolgte
1208 1429 1268 1489 auf
1300 1429 1354 1489 der

1414 1472 1529 1532 teresse
1578 1472 1635 1532 der
1679 1472 1943 1532 Allgemeinheit
1981 1471 2068 1531 liegt
2111 1471 2173 1531 und
2222 1469 2289 1529 sich
2337 1467 2428 1527 diese

346 1478 573 1538 Schiffswerft
597 1478 621 1538 in
655 1477 765 1537 Augst
790 1477 891 1537 durch
930 1475 978 1535 die
1007 1475 1118 1535 Firma
1152 1474 1239 1534 Buss
1267 1474 1360 1534 A.-G.

1406 1516 1468 1576 mit
1500 1517 1553 1577 ihr
1584 1517 1757 1577 abfindet,
1788 1516 1918 1576 werden
1957 1516 2006 1576 die
2042 1514 2206 1574 nächsten
2246 1513 2348 1573 Jahre
2371 1513 2438 1573 zei¬

337 1523 395 1583 und
428 1523 477 1583 die
506 1522 655 1582 Motoren
689 1522 824 1582 wurden
857 1520 915 1580 bei
935 1520 1040 1580 Gebr.
1059 1519 1175 1579 Sulzer
1199 1519 1229 1579 in
1262 1518 1358 1578 Win¬

1408 1562 1483 1622 gen.
1525 1562 1572 1622 Da
1619 1562 1671 1622 die
1722 1561 1882 1621 Käuferin
1929 1561 1966 1621 an
2018 1559 2079 1619 den
2130 1558 2318 1618 vielfachen
2375 1558 2435 1618 Be¬

343 1567 470 1627 terthur
491 1568 518 1628 in
549 1567 693 1627 Auftrag
724 1565 891 1625 gegeben.

1408 1607 1605 1667 mühungen
1652 1606 1694 1666 um
1755 1606 1807 1666 die
1853 1604 2206 1664 Wiedereinführung
2252 1603 2314 1663 der
2361 1601 2435 1661 Per¬

401 1618 428 1678 Im
475 1619 571 1679 Jahre
603 1619 681 1679 1926
709 1618 815 1678 stellte
842 1618 966 1678 sodann
998 1616 1049 1676 die
1076 1616 1209 1676 «Basler
1237 1616 1361 1676 Rhein¬

1401 1651 1717 1711 sonenschiffahrt,
1770 1651 1804 1711 an
1860 1650 1917 1710 den
1973 1649 2221 1709 Bemühungen
2277 1648 2316 1708 um
2381 1649 2429 1709 die

336 1664 668 1724 schiffahrts-A.-G.»
691 1663 737 1723 ein
764 1663 979 1723 Dieselboot,
992 1663 1051 1723 den
1083 1663 1211 1723 «Vogel
1225 1663 1361 1723 Gryff»,

1407 1696 1603 1756 tatkräftige
1631 1696 1692 1756 und
1716 1696 1922 1756 moralische
1945 1694 2165 1754 Mitwirkung
2189 1694 2240 1754 bei
2259 1693 2315 1753 der
2338 1693 2436 1753 Geld¬

337 1711 355 1771 in
390 1710 453 1770 den
488 1709 608 1769 Basler
635 1708 773 1768 Dienst.
804 1708 848 1768 Es
884 1709 928 1769 ist
955 1709 1017 1769 zum
1071 1708 1257 1768 Schleppen
1293 1708 1360 1768 ein¬

1409 1742 1637 1802 beschaffung
1660 1742 1761 1802 nicht
1779 1741 1930 1801 beteiligt
1948 1741 2035 1801 war,
2048 1739 2190 1799 sondern
2222 1738 2286 1798 sich
2313 1738 2436 1798 mühe¬

325 1754 508 1814 gerichtet,
531 1754 563 1814 da
591 1754 705 1814 damit
728 1754 779 1814 die
806 1754 1035 1814 Kanalkähne
1063 1753 1123 1813 von
1150 1753 1210 1813 der
1233 1753 1362 1813 Kanal¬

1416 1787 1456 1847 los
1478 1787 1536 1847 der
1562 1786 1664 1846 schon
1700 1786 1891 1846 geleisteten
1931 1784 2108 1844 Vorarbeit
2130 1783 2295 1843 bedienen
2330 1784 2442 1844 kann,

330 1800 504 1860 mündung
542 1799 604 1859 bei
628 1798 817 1858 Hüningen
854 1798 939 1858 nach
982 1798 1043 1858 den
1081 1798 1204 1858 Basler
1232 1796 1341 1856 Hafen

1409 1832 1452 1892 ist
1481 1831 1741 1891 anzunehmen,
1769 1829 1846 1889 dass
1880 1829 1923 1889 sie
1957 1828 2024 1888 nun
2063 1828 2125 1888 alle
2159 1826 2245 1886 diese
2288 1826 2428 1886 Vorteile

335 1844 468 1904 anlagen
499 1844 561 1904 und
583 1843 796 1903 umgekehrt
809 1843 965 1903 bugsiert
982 1843 1106 1903 werden
1133 1841 1270 1901 sollten,
1284 1841 1354 1901 eine

1414 1876 1489 1936 auch
1522 1876 1578 1936 der
1602 1874 1733 1934 grossen
1766 1873 2057 1933 Oeffentlichkeit
2075 1873 2104 1933 in
2132 1873 2216 1933 Form
2264 1873 2319 1933 von
2348 1873 2433 1933 billi¬

343 1889 507 1949 Aufgabe,
530 1888 567 1948 an
594 1888 694 1948 deren
731 1889 932 1949 rationeller
955 1888 1092 1948 Lösung
1124 1888 1156 1948 es
1183 1886 1284 1946 heute
1312 1885 1367 1945 be¬

1414 1922 1462 1982 gen
1496 1919 1722 1979 Fahrpreisen
1756 1919 1818 1979 und
1852 1919 2087 1979 vorzüglichen
2126 1917 2435 1977 Fahrgelegenhei¬

337 1934 444 1994 teiligt
462 1934 522 1994 ist.
543 1934 737 1994 Ausserdem
780 1934 866 1994 kann
896 1934 931 1994 es
953 1933 1035 1993 auch
1069 1933 1125 1993 zum
1168 1931 1340 1991 Personen

1416 1964 1457 2024 ten
1489 1964 1567 2024 wird
1594 1964 1718 2024 zugute
1745 1964 1906 2024 kommen
1938 1963 2066 2023 lassen.
2084 1963 2153 2023 Auf
2176 1961 2267 2021 jeden
2304 1961 2382 2021 Fall
2396 1960 2441 2020 ist

335 1980 514 2040 transport
527 1978 764 2038 hergerichtet
781 1978 938 2038 werden.
951 1978 1068 2038 Dieses
1090 1978 1179 2038 Boot
1192 1978 1259 2038 soll
1277 1978 1358 2038 etwa

1406 2008 1442 2068 es
1468 2008 1504 2068 zu
1535 2008 1744 2068 begrüssen,
1766 2009 1841 2069 dass
1873 2009 1904 2069 es
1935 2008 2095 2068 gelungen
2130 2008 2188 2068 ist,
2210 2007 2268 2067 der
2304 2005 2438 2065 «Baslei

346 2024 396 2084 Fr.
418 2024 551 2084 100,000
583 2023 738 2083 gekostet
761 2023 866 2083 haben
903 2023 962 2083 und
993 2023 1108 2083 wurde
1135 2023 1163 2083 in
1194 2021 1336 2081 Deutsch

1417 2054 1863 2114 Rheinschiffahrts-A.-G.»
1891 2054 1943 2114 die
1976 2053 2239 2113 Verpflichtung
2272 2051 2305 2111 zu
2342 2050 2442 2110 über¬

340 2069 412 2129 land
442 2068 576 2128 erbaut.
598 2068 638 2128 Da
669 2068 700 2128 es
727 2068 959 2128 vornehmlich
989 2068 1190 2128 geschaffen
1221 2066 1354 2126 worden

1418 2099 1544 2159 tragen,
1568 2099 1731 2159 während
1760 2098 1977 2158 mindestens
2006 2098 2088 2158 fünf
2117 2096 2237 2156 Jahren
2275 2095 2324 2155 die
2358 2095 2439 2155 Per¬

345 2114 424 2174 war,
444 2114 481 2174 um
528 2114 551 2174 in
584 2113 645 2173 den
678 2113 800 2173 Dienst
823 2113 879 2173 der
908 2113 1208 2173 Güterschiffahrt
1231 2113 1362 2173 gestellt

1408 2144 1714 2204 sonenschiffahrt
1741 2144 1768 2204 im
1821 2143 2012 2203 bisherigen
2057 2141 2226 2201 Umfange
2261 2141 2412 2201 weiterzu

337 2158 368 2218 zu
403 2156 560 2216 werden,
582 2157 715 2217 wurden
751 2158 800 2218 ihm
849 2158 906 2218 auf
934 2159 1165 2219 Empfehlung
1200 2156 1254 2216 der
1285 2155 1366 2215 Bas¬

1418 2188 1546 2248 ühren.
1573 2189 1626 2249 Die
1653 2189 1787 2249 «Basler
1805 2188 2436 2248 Personenschiffahrtsgesellschaft»

337 2204 377 2264 ler
404 2203 591 2263 Regierung
627 2203 707 2263 ganz
738 2201 952 2261 bedeutende
983 2200 1353 2260 Zollerleichterungen

1412 2233 1489 2293 wird
1526 2233 1640 2293 jedoch
1681 2233 1796 2293 weiter
1823 2234 1984 2294 bestehen
2020 2234 2176 2294 bleiben,
2199 2233 2236 2293 um
2290 2233 2341 2293 für
2373 2231 2432 2291 den

346 2248 397 2308 bei
411 2248 472 2308 der
496 2248 641 2308 Einfuhr
669 2248 846 2308 bewilligt.
865 2248 926 2308 Mit
945 2248 1052 2308 diesem
1099 2246 1193 2306 unter
1216 2246 1249 2306 so
1277 2246 1362 2306 gün¬

1410 2278 1487 2338 Fall
1505 2278 1596 2338 eines
1623 2279 1801 2339 künftigen
1833 2279 2024 2339 Versagens
2047 2278 2107 2338 des
2134 2278 2434 2338 Personenschiff¬

341 2294 438 2354 stigen
478 2293 683 2353 Umständen
718 2291 935 2351 erworbenen
975 2291 1060 2351 Boot
1086 2291 1210 2351 konnte
1241 2290 1361 2350 selbst¬

1415 2324 1691 2384 fahrtsverkehrs
1717 2324 1873 2384 gerüstet
1891 2324 1927 2384 zu
1957 2323 2046 2383 sein,
2069 2323 2117 2383 die
2144 2322 2202 2382 dem
2251 2321 2415 2381 Publikum

337 2336 556 2396 verständlich
592 2336 650 2396 der
686 2336 820 2396 «Basler
852 2335 1362 2395 Personenschiffahrtsgesell¬

1417 2369 1601 2429 dienenden
1633 2369 1873 2429 Massnahmen
1905 2369 1937 2429 zu
1969 2368 2158 2428 ergreifen.
2181 2368 2259 2428 Dies
2282 2366 2323 2426 ist
2346 2364 2438 2424 umso

335 2383 467 2443 schaft»
491 2381 519 2441 in
552 2381 608 2441 der
637 2380 1010 2440 Personenschiffahrt
1038 2380 1364 2440 Basel—Rheinfel¬

1413 2413 1508 2473 mehr
1529 2414 1564 2474 zu
1594 2414 1797 2474 begrüssen,
1819 2414 1862 2474 als
1888 2413 1935 2473 die
1961 2413 1987 2473 in
2017 2413 2099 2473 etwa
2125 2413 2220 2473 sechs
2246 2413 2367 2473 Jahren
2397 2413 2432 2473 zu

342 2425 392 2485 den
434 2425 505 2485 eine
547 2426 727 2486 wirksame
765 2426 991 2486 Konkurrenz
1029 2426 1188 2486 gemacht
1222 2425 1351 2485 werden

1418 2458 1621 2518 erwartende
1649 2458 1910 2518 Fertigstellung
1939 2458 1992 2518 des
2016 2456 2180 2516 Kembser
2204 2455 2349 2515 Werkes
2373 2455 2431 2515 und

340 2470 400 2530 und
435 2470 495 2530 aus
526 2470 634 2530 diesem
686 2470 824 2530 Grunde
854 2470 1032 2530 offerierte
1066 2470 1114 2530 die
1153 2469 1338 2529 «Personen

1415 2504 1458 2564 die
1488 2503 1614 2563 daraus
1644 2503 1896 2563 resultierende
1926 2501 2078 2561 Stauung
2113 2501 2170 2561 des
2200 2501 2347 2561 Rheines
2378 2500 2434 2560 von

344 2515 790 2575 schiffahrtsgesellschaft»
818 2515 964 2575 anfangs
992 2515 1072 2575 1927
1095 2515 1170 2575 eine
1194 2512 1367 2572 Betriebs¬

1418 2546 1569 2606 Neudorf
1595 2548 1644 2608 bis
1675 2548 1738 2608 zur
1768 2548 1884 2608 Basler
1915 2545 2248 2605 Eisenbahnbrücke
2279 2545 2305 2605 im
2359 2546 2439 2606 Bas¬

336 2561 604 2621 gemeinschaft,
626 2561 657 2621 d.
671 2560 707 2620 h.
725 2560 953 2620 gemeinsame
984 2559 1252 2619 Abmachungen
1284 2557 1364 2617 über

1413 2593 1453 2653 ler
1481 2593 1820 2653 Schiffahrtsbetrieb
1852 2591 2049 2651 ungeahnte
2077 2591 2319 2651 Wandlungen
2346 2590 2439 2650 brin¬

348 2606 507 2666 Fahrplan
549 2606 611 2666 und
648 2606 855 2666 Fahrpreis,
874 2605 958 2665 aber
986 2605 1038 2665 die
1076 2604 1207 2664 «Basler
1240 2602 1368 2662 Rhein¬

1413 2638 1463 2698 gen
1495 2638 1595 2698 wird,
1614 2636 1664 2696 die
1692 2636 1865 2696 vielleicht
1883 2636 1961 2696 auch
1993 2636 2020 2696 in
2048 2636 2107 2696 den
2134 2635 2422 2695 Personenschiff

345 2650 674 2710 schiffahrts-A.-G.»
706 2650 811 2710 stellte
843 2650 989 2710 derartig
1022 2649 1172 2709 schroffe
1205 2648 1268 2708 und
1305 2647 1342 2707 un

1414 2681 1650 2741 fahrtsbetrieb
1677 2680 1864 2740 eingreifen
1891 2680 2043 2740 werden.
2060 2681 2127 2741 Der
2154 2681 2284 2741 «Verein
2310 2680 2364 2740 für
2390 2680 2439 2740 die

342 2695 579 2755 annehmbare
597 2693 864 2753 Bedingungen,
877 2693 950 2753 dass
967 2693 1037 2753 eine
1058 2692 1365 2752 Betriebsgemein¬

1412 2728 1608 2788 Schiffahrt
1630 2728 1692 2788 auf
1719 2728 1776 2788 dem
1825 2727 2043 2787 Oberrhein»
2074 2726 2136 2786 hat
2158 2726 2216 2786 der
2247 2725 2438 2785 Personen¬

334 2740 449 2800 schaft
472 2740 555 2800 ganz
582 2738 780 2798 unmöglich
812 2738 899 2798 war.
918 2738 978 2798 Die
1005 2737 1359 2797 Konkurrenzierung

1417 2773 1605 2833 schiffahrt
1624 2774 1671 2834 als
1694 2774 1807 2834 Mittel
1821 2773 1882 2833 zur
1906 2773 2211 2833 Popularisierung
2235 2771 2291 2831 der
2315 2770 2441 2830 Rhein¬

350 2785 396 2845 des
425 2785 551 2845 Bootes
585 2783 857 2843 «Rheinfelden»
889 2783 988 2843 durch
1030 2783 1092 2843 das
1119 2783 1209 2843 Boot
1242 2783 1368 2843 «Vogel

1418 2818 1603 2878 schiffahrt
1629 2818 1689 2878 und
1719 2818 1779 2878 zur
1810 2816 2050 2876 Neubelebung
2085 2816 2141 2876 des
2175 2815 2438 2875 Stromspiegels

341 2828 456 2888 Gryff»
492 2828 603 2888 wurde
635 2828 661 2888 im
710 2828 812 2888 Jahre
843 2828 928 2888 1927
954 2828 1038 2888 noch
1079 2827 1270 2887 wesentlich
1305 2825 1363 2885 da¬

1415 2863 1492 2923 stets
1513 2863 1565 2923 die
1591 2861 1720 2921 grösste
1746 2861 2069 2921 Aufmerksamkeit
2091 2860 2426 2920 entgegengebracht

347 2876 442 2936 durch
484 2873 698 2933 erleichtert,
730 2873 808 2933 dass
844 2873 894 2933 die
926 2872 1232 2932 Kanalschiffahrt
1263 2872 1355 2932 einen

1418 2908 1445 2968 er
1467 2908 1529 2968 hat
1547 2908 1605 2968 den
1636 2908 1778 2968 Anstoss
1800 2906 1947 2966 gegeben
1978 2906 2036 2966 zur
2058 2906 2253 2966 Aufnahme
2280 2905 2338 2965 der
2360 2905 2441 2965 Per¬

345 2920 555 2980 ungeahnten
595 2920 833 2980 Aufschwung
865 2920 993 2980 nahm,
1021 2918 1103 2978 denn
1144 2917 1176 2977 es
1208 2915 1358 2975 mussten

1413 2951 1718 3011 sonenschiffahrt
1737 2950 1798 3010 vor
1821 2950 1882 3010 dem
1929 2951 2047 3011 Kriege
2075 2950 2136 3010 mit
2160 2950 2221 3010 den
2253 2950 2342 3010 zwei
2366 2947 2442 3007 Köl¬

345 2965 395 3025 983
422 2965 482 3025 auf
500 2965 559 3025 dem
596 2963 710 3023 Kanal
729 2963 811 3023 nach
838 2962 1017 3022 Hüningen
1049 2962 1213 3022 fahrende
1241 2963 1364 3023 Kanal¬

1418 2995 1468 3055 ner
1500 2996 1782 3056 Raddampfern,
1809 2996 1841 3056 er
1878 2996 1937 3056 hat
1969 2995 2019 3055 die
2051 2995 2242 3055 damaligen
2287 2992 2428 3052 Fahrten

346 3010 449 3070 kähne
477 3008 557 3068 über
581 3008 637 3068 den
670 3007 774 3067 Rhein
806 3008 868 3068 und
896 3008 952 3068 zum
994 3008 1145 3068 grössten
1178 3007 1262 3067 Teile
1291 3005 1366 3065 wie¬

1424 3041 1700 3101 subventioniert,
1733 3041 1766 3101 er
1798 3041 1859 3101 hat
1892 3041 1943 3101 die
1981 3040 2168 3100 Gründung
2206 3040 2262 3100 der
2304 3038 2435 3098 «Basler

349 3055 402 3115 der
431 3053 772 3113 zurückgeschleppt
801 3053 955 3113 werden.
983 3053 1075 3113 Diese
1108 3052 1268 3112 doppelte
1306 3049 1363 3109 Be¬

1419 3086 2047 3146 Personenschiffahrtsgesellschaft»
2082 3084 2275 3144 veranlasst
2305 3083 2366 3143 und
2404 3083 2439 3143 er

347 3100 557 3160 schäftigung
585 3098 614 3158 im
651 3098 768 3158 Güter-
782 3097 843 3157 und
867 3097 1190 3157 Personenverkehr
1213 3095 1363 3155 erlaubte

1421 3130 1491 3190 wird
1519 3131 1599 3191 auch
1632 3130 1801 3190 weiterhin
1829 3130 1886 3190 den
1918 3127 2434 3187 Personenschiffahrtsbetrieb

348 3142 401 3202 der
430 3143 565 3203 «Basler
589 3142 1043 3202 Rheinschiffahrts-A.-G.»
1072 3140 1134 3200 alle
1164 3140 1367 3200 Fahrpreise

1415 3175 1514 3235 nicht
1531 3176 1594 3236 aus
1617 3175 1675 3235 den
1710 3175 1822 3235 Augen
1854 3172 2038 3232 verlieren.

350 3188 399 3248 der
426 3187 559 3247 «Basler
586 3185 1216 3245 Personenschiffahrtsgesellschaft»
1243 3184 1279 3244 zu
1310 3184 1368 3244 un¬

1485 3229 1548 3289 Nun
1585 3227 1667 3287 noch
1703 3227 1831 3287 einiges
1859 3226 1923 3286 aus
1955 3226 2009 3286 dem
2060 3227 2192 3287 Betrieb
2229 3226 2283 3286 des
2316 3226 2438 3286 Jahres

349 3232 527 3292 terbieten,
554 3231 613 3291 und
650 3230 696 3290 sie
732 3230 865 3290 machte
901 3229 960 3289 von
1001 3229 1111 3289 dieser
1142 3229 1366 3289 Möglichkeit

1420 3274 1516 3334 1927:
1544 3274 1608 3334 auf
1641 3272 1700 3332 dem
1737 3272 1820 3332 Boot
1838 3271 2110 3331 «Rheinfelden»
2128 3271 2261 3331 wurden
2289 3271 2450 3331 verkauft

348 3278 366 3338 in
398 3277 489 3337 einer
512 3275 571 3335 Art
594 3275 658 3335 und
690 3275 795 3335 Weise
823 3274 1024 3334 Gebrauch,
1042 3274 1093 3334 die
1120 3274 1175 3334 wir
1203 3275 1299 3335 nicht
1317 3275 1362 3335 als
