2686 3645
2243 238 2291 298 59

986 253 1071 313 DIE
1121 251 1602 311 RHEINQUELLEN

1304 377 1357 437 von
1384 377 1442 437 Fr.
1459 376 1602 436 36,402.—
1651 374 1912 434 vereinnahmt.
1928 373 2029 433 Hiezu
2056 372 2211 432 kommen
2237 370 2317 430 noch

234 389 252 449 im
299 389 400 449 April
424 388 484 448 213
519 386 758 446 Fahrkarten,
781 385 811 445 im
859 384 930 444 Mai
960 382 1061 442 3780,
1085 381 1114 441 im
1168 379 1251 439 Juni

1315 425 1358 485 r.
1380 424 1472 484 542.—
1532 422 1592 482 aus
1619 421 1678 481 der
1706 419 2059 479 Gewinnbeteiligung
2092 418 2130 478 am
2178 416 2326 476 Schiffs¬

234 434 326 494 3377,
348 433 375 493 im
419 433 490 493 Juli
511 431 614 491 4154,
631 430 658 490 im
702 430 837 490 August
859 428 957 488 2860,
978 427 1005 487 im
1049 425 1244 485 Septembei

1301 467 1508 527 restaurant.
1534 466 1588 526 Die
1617 465 1948 525 Betriebsausgaben
1983 463 2127 523 beliefen
2166 461 2230 521 sich
2265 460 2325 520 auf

230 478 307 538 2021
335 478 396 538 und
430 476 457 536 im
502 476 657 536 Oktober
686 473 747 533 729
780 473 842 533 und
875 472 936 532 auf
964 470 1025 530 dem
1069 469 1247 529 Hilfsboot

1307 512 1357 572 Fr.
1382 511 1580 571 39,443.—,
1600 509 1631 569 so
1666 509 1747 569 dass
1778 508 1828 568 ein
1864 506 2148 566 Betriebsdefizit
2173 505 2234 565 von
2269 505 2326 565 Fr.

247 522 427 582 Albatros»
460 520 487 580 im
531 519 607 579 Mai
629 518 705 578 386,
727 517 755 577 im
803 517 891 577 Juni
913 515 989 575 703,
1011 515 1039 575 im
1082 515 1158 575 Juli
1181 515 1240 575 811

1307 556 1413 616 2499.—
1461 555 1495 615 zu
1528 554 1746 614 verzeichnen
1780 553 1837 613 ist.
1857 552 1914 612 Die
1944 551 2252 611 Verkaufssümme
2276 548 2324 608 er¬

225 568 251 628 im
297 565 427 625 August
453 564 511 624 380
542 563 604 623 und
641 562 667 622 im
713 561 912 621 September
943 560 1021 620 268,
1042 560 1068 620 im
1119 559 1244 619 ganzen

1314 602 1399 662 aubt
1420 601 1495 661 eine
1521 599 1878 659 zwanzigprozentige
1905 596 2155 656 Rückzahlung
2182 595 2240 655 des
2267 593 2326 653 Ge¬

234 612 365 672 wurden
396 610 421 670 in
452 609 533 669 fünf
553 608 710 668 Monaten
746 607 806 667 und
837 605 923 665 zwei
938 604 1060 664 halben
1091 604 1243 664 Monater

2184 640 2225 700 R.
2241 641 2258 701 F

2151 640 2179 700 J.

1307 644 1742 704 nossenschaftskapitals.

242 656 343 716 19,682
369 653 577 713 Fahrkarten
609 652 774 712 verkauft
796 652 854 712 und
886 650 992 710 damit
1014 650 1088 710 eine
1115 649 1249 709 Summe

1531 790 2317 850 Mitteilungen

1349 793 1456 853 ne

1308 794 1330 854 7

1243 797 1266 857 e

252 802 1009 862 Verschiedene
1104 796 1129 856 k

1310 882 1357 942 trag
1383 881 1435 941 von
1460 880 1572 940 750,000
1599 878 1671 938 Mark
1702 878 1749 938 für
1771 878 1823 938 den
1853 877 1982 937 weiteren
2012 877 2124 937 Ausbau
2150 877 2202 937 des
2223 875 2327 935 Kehler

360 913 449 973 Auf
487 913 557 973 den
608 909 1109 969 Binnenwasserstrassen

1307 917 1413 977 Hafens
1435 916 1604 976 eingesetzt.
1622 914 1719 974 Hierzu
1746 913 1879 973 schreibt
1897 913 1941 973 die
1973 912 2155 972 «Freiburger
2181 911 2332 971 Zeitung»:

1314 953 1355 1013 Mit
1376 952 1564 1012 fieberhaftem
1602 950 1681 1010 Eifer
1706 949 1773 1009 wird
1802 949 1852 1009 der
1877 947 1969 1007 kleine
1999 947 2195 1007 Strassburger
2220 947 2308 1007 Seiten

300 971 366 1031 Eine
393 967 966 1027 Rheinschiffahrts-Polizeiverordnung
997 965 1041 1025 für
1068 965 1108 1025 die
1139 964 1259 1024 schwei¬

1307 989 1393 1049 kanal
1410 988 1582 1048 ausgebaut,
1599 986 1651 1046 der
1672 986 1720 1046 den
1750 985 1922 1045 Durchgang
1948 983 1995 1043 der
2021 983 2219 1043 Rheinschiffe
2245 982 2309 1042 unte

233 1007 353 1067 zerische
379 1006 586 1066 Rheinstrecke
612 1004 659 1064 bei
680 1003 775 1063 Basel.
796 1003 844 1063 Die
870 1001 1030 1061 Regierung
1055 1001 1102 1061 des
1128 1000 1254 1060 Kantont

1316 1025 1351 1085 len
1378 1024 1480 1084 Kehler
1502 1022 1720 1082 Rheinbrücken
1746 1021 1862 1081 unnötig
1884 1019 1995 1079 macht,
2009 1019 2039 1079 da
2062 1018 2133 1078 viele
2155 1018 2222 1078 nach
2249 1016 2333 1076 Basel

236 1043 414 1103 Basel-Stadt
438 1042 488 1102 hat
512 1042 561 1102 auf
587 1040 631 1100 die
660 1039 788 1099 Berichte
818 1039 867 1099 der
892 1036 1237 1096 Rheinschiffahrtsdirek

1309 1059 1464 1119 bestimmte
1493 1058 1597 1118 Schiffe
1622 1057 1672 1117 bei
1693 1057 1781 1117 hohem
1823 1055 2023 1115 Wasserstand
2049 1054 2182 1114 tagelang
2212 1054 2262 1114 auf
2283 1054 2324 1114 die

231 1079 303 1139 tion,
324 1078 372 1138 des
401 1078 523 1138 Polizei-
551 1076 600 1136 und
632 1075 681 1135 des
713 1073 1022 1133 Justizdepartements
1050 1072 1099 1132 dem
1144 1072 1241 1132 eidgen

1311 1094 1493 1154 Weiterfahrt
1513 1094 1619 1154 warten
1648 1093 1777 1153 müssen.
1798 1091 1928 1151 Zugleich
1961 1090 2026 1150 wird
2054 1088 2107 1148 der
2131 1088 2330 1148 Strassburger

227 1114 396 1174 Politischen
432 1112 646 1172 Departement
673 1111 820 1171 zuhanden
860 1109 909 1169 des
941 1107 1137 1167 Bundesrates
1172 1105 1239 1165 bean

1321 1130 1394 1190 lafen
1429 1129 1588 1189 bedeutend
1623 1127 1804 1187 vergrössert
1830 1126 1881 1186 und
1916 1124 2093 1184 ausgebaut.
2118 1124 2179 1184 Und
2213 1123 2243 1183 da
2278 1123 2334 1183 soll

227 1151 312 1211 tragt,
332 1150 356 1210 es
381 1150 426 1210 sei
446 1148 496 1208 auf
516 1147 566 1207 dem
600 1145 888 1205 Verordnungswege
909 1144 953 1204 die
978 1142 1246 1202 Rheinschiffahrts

1310 1165 1396 1225 Baden
1426 1166 1474 1226 und
1499 1165 1551 1225 das
1573 1165 1655 1225 Reich
1680 1163 1724 1223 die
1750 1162 1840 1222 Frage
1862 1161 1913 1221 des
1935 1160 2038 1220 Kehler
2060 1159 2172 1219 Hafens
2193 1159 2241 1219 aus
2267 1160 2314 1220 dem

229 1186 518 1246 Polizeiverordnung
569 1183 619 1243 der
665 1181 1065 1241 Rheinzentralkommission
1116 1178 1162 1238 für
1213 1177 1254 1237 die

1320 1202 1376 1262 Auge
1402 1201 1556 1261 verlieren?
1578 1199 1664 1259 Schon
1690 1198 1841 1258 anlässlich
1866 1195 1918 1255 des
1940 1195 2082 1255 Besuches
2099 1195 2150 1255 des
2167 1195 2322 1255 Badischen

233 1222 464 1282 schweizerische
487 1219 691 1279 Rheinstrecke
718 1217 767 1277 des
789 1216 1038 1276 konventionellen
1065 1214 1190 1274 Rheins,
1207 1213 1252 1273 von

1316 1237 1466 1297 Landtages
1489 1236 1511 1296 in
1537 1235 1613 1295 Kehl
1635 1234 1657 1294 im
1696 1234 1754 1294 Juli
1776 1232 1843 1292 1927
1869 1231 2020 1291 erläuterte
2047 1229 2330 1289 Eisenbahnoberrat

236 1258 281 1318 der
309 1256 528 1316 Landesgrenze
561 1254 790 1314 rheinaufwärts
817 1252 863 1312 bis
895 1252 946 1312 zur
978 1250 1120 1310 mittleren
1156 1249 1258 1309 Rhein¬

1313 1273 1444 1333 Sinngrün
1467 1271 1519 1331 von
1542 1270 1697 1330 Karlsruhe
1720 1268 1739 1328 im
1776 1267 1974 1327 Hafengebiet
1992 1265 2020 1325 an
2048 1265 2128 1325 Hand
2151 1264 2227 1324 eines
2250 1264 2329 1324 über¬

240 1294 336 1354 brücke
368 1293 390 1353 in
423 1292 523 1352 Basel,
541 1291 564 1351 in
600 1289 811 1349 Wirksamkeit
838 1288 865 1348 zu
902 1286 1052 1346 erklären.
1075 1286 1253 1346 Gleichzeitig

1311 1309 1470 1369 sichtlichen
1498 1306 1599 1366 Planes
1619 1305 1662 1365 die
1686 1303 1907 1363 geschichtliche
1931 1301 2128 1361 Entwicklung
2157 1300 2205 1360 des
2229 1300 2331 1360 Rhein¬

230 1330 292 1390 wird
328 1329 381 1389 das
412 1327 733 1387 Polizeidepartement
760 1324 943 1384 beauftragt,
970 1322 1018 1382 den
1059 1321 1193 1381 Entwurf
1224 1321 1255 1381 zu

1309 1343 1409 1403 hafens
1437 1342 1518 1402 Kehl,
1541 1341 1619 1401 seine
1646 1339 1815 1399 Bedeutung
1842 1339 1865 1399 in
1897 1337 2143 1397 Vergangenheit,
2161 1336 2316 1396 Gegenwar

236 1366 309 1426 einer
337 1363 515 1423 kantonalen
547 1360 734 1420 Verordnung
771 1358 839 1418 über
867 1358 917 1418 den
949 1357 1183 1417 Schiffsverkehr
1214 1357 1264 1417 auf

1311 1381 1356 1441 und
1393 1379 1535 1439 Zukunft.
1557 1377 1593 1437 An
1625 1376 1707 1436 Hand
1739 1375 1790 1435 von
1821 1373 2013 1433 statistischem
2059 1372 2195 1432 Material
2219 1372 2268 1432 gab
2305 1373 2327 1433 ei

238 1401 281 1461 dem
324 1400 410 1460 Rhein
440 1399 488 1459 für
510 1397 557 1457 die
583 1396 699 1456 Strecke
729 1395 777 1455 von
807 1394 855 1454 der
885 1393 1023 1453 mittleren
1057 1393 1256 1453 Rheinbrücke

1311 1416 1345 1476 ein
1378 1415 1475 1475 klares
1499 1414 1556 1474 Bild
1585 1412 1638 1472 der
1662 1411 1863 1471 momentanen
1897 1409 1969 1469 Lage
1998 1408 2051 1468 und
2080 1408 2123 1468 die
2152 1406 2334 1466 Aussichten,

236 1438 370 1498 aufwärts
393 1436 436 1496 bis
459 1435 508 1495 zur
535 1433 770 1493 Kantonsgrenze
796 1431 961 1491 vorzulegen

1306 1452 1345 1512 die
1369 1451 1421 1511 uns
1446 1450 1557 1510 infolge
1581 1448 1629 1508 des
1658 1447 1807 1507 Ausbaues
1832 1445 1880 1505 des
1909 1444 2107 1504 Strassburger
2135 1442 2246 1502 Hafens
2275 1442 2323 1502 und

304 1484 369 1544 Eine
399 1483 676 1543 Güteranlegestelle
706 1480 737 1540 am
784 1479 870 1539 Rhein
900 1478 922 1538 in
957 1477 1108 1537 Breisach.
1143 1478 1178 1538 An
1212 1478 1242 1538 de

1309 1487 1354 1547 der
1382 1486 1592 1546 Bestrebungen
1624 1483 1674 1543 von
1702 1483 1825 1543 jenseits
1848 1480 1898 1540 des
1921 1479 2031 1539 Rheins
2054 1478 2241 1538 bevorstehen
2278 1477 2329 1537 und

239 1522 356 1582 kürzlich
384 1520 405 1580 in
437 1519 571 1579 Breisach
603 1517 810 1577 stattgehabten
843 1514 1179 1574 Generalversammlung
1207 1514 1256 1574 des

1309 1523 1417 1583 betonte
1441 1522 1464 1582 in
1488 1520 1742 1580 eindringlichster
1761 1516 1855 1576 Weise
1879 1514 1921 1574 die
1944 1513 2180 1573 Notwendigkeit
2199 1513 2326 1573 baldigen

250 1556 492 1616 Jerkehrsvereins
521 1553 654 1613 Breisach
691 1552 768 1612 teilte
800 1550 849 1610 der
882 1549 1068 1609 Vorsitzende
1100 1549 1165 1609 mit,
1193 1550 1242 1610 das

1324 1558 1491 1618 Zingreifens
1511 1555 1562 1615 der
1582 1555 1734 1615 badischen
1764 1552 1926 1612 Regierung
1952 1550 2043 1610 bezw.
2058 1549 2109 1609 des
2134 1549 2266 1609 Reiches.
2287 1547 2338 1607 Be¬

241 1592 441 1652 Bestrebungen
475 1591 496 1651 im
537 1591 629 1651 Gange
659 1588 751 1648 seien,
772 1588 793 1648 in
822 1586 951 1646 Breisach
981 1585 1043 1645 eine
1073 1585 1257 1645 Anlegestelle

1312 1594 1444 1654 sonderen
1472 1591 1613 1651 Eindruck
1645 1589 1754 1649 machte
1782 1589 1859 1649 seine
1882 1588 2060 1648 Mitteilung,
2078 1586 2142 1646 dass
2165 1585 2216 1645 der
2238 1585 2329 1645 grosse

242 1628 279 1688 für
308 1627 426 1687 Fracht-
459 1627 510 1687 und
543 1624 827 1684 Personendampfer
857 1623 886 1683 zu
919 1622 1066 1682 schaffen,
1096 1621 1150 1681 was
1184 1621 1263 1681 nicht

1312 1628 1574 1688 Getreidespeicher
1598 1626 1683 1686 heute
1707 1625 1762 1685 nur
1781 1624 1855 1684 noch
1885 1622 1915 1682 zu
1944 1622 2013 1682 etwa
2043 1621 2082 1681 ein
2107 1621 2215 1681 Drittel
2241 1619 2329 1679 seines

242 1663 286 1723 nur
313 1663 357 1723 für
379 1663 420 1723 die
446 1661 615 1721 Breisacher
637 1660 766 1720 Firmen,
788 1658 908 1718 sondern
935 1657 993 1717 viel
1015 1657 1095 1717 mehr
1117 1656 1188 1716 noch
1219 1655 1260 1715 fur

1308 1663 1622 1723 Fassungsvermögens
1651 1661 1747 1721 belegt
1776 1660 1834 1720 sei.
1858 1658 1945 1718 Jedem
1989 1657 2105 1717 Kenner
2138 1655 2187 1715 der
2220 1655 2326 1715 lokalen

1318 1700 1503 1760 Verhältnisse
1528 1699 1567 1759 ist
1584 1698 1662 1758 klar,
1679 1696 1748 1756 dass
1770 1694 1842 1754 Kehl
1864 1693 2071 1753 städtebaulich
2101 1691 2260 1751 unbedingt
2281 1693 2333 1753 aus

239 1700 279 1760 die
305 1699 447 1759 Industrie
473 1697 522 1757 der
544 1696 717 1756 Freiburger
739 1695 850 1755 Gegend
881 1694 934 1754 und
960 1693 1009 1753 des
1036 1693 1138 1753 ganzen
1169 1692 1262 1752 Breis¬

1313 1737 1356 1797 dem
1395 1735 1535 1795 schmalen
1559 1733 1679 1793 Streifen
1703 1731 1838 1791 zwischen
1867 1730 1953 1790 Rhein
1978 1729 2030 1789 und
2055 1727 2248 1787 Kinzigbogen
2271 1726 2324 1786 her

234 1736 315 1796 gaues
342 1735 392 1795 von
423 1733 605 1793 erheblicher
632 1732 797 1792 Bedeutung
829 1732 913 1792 wäre.

1321 1771 1494 1831 auskommen
1529 1769 1583 1829 und
1613 1768 1667 1828 sich
1702 1766 1865 1826 unbedingt
1890 1764 1959 1824 nach
1989 1762 2073 1822 Osten
2107 1762 2152 1822 hin
2187 1760 2331 1820 erweitert

306 1777 482 1837 Strassburgs
516 1775 738 1835 Hafenverkehr
768 1774 793 1834 im
839 1773 915 1833 März
949 1772 1033 1832 1928.
1083 1772 1180 1832 (Korr.
1209 1771 1256 1831 auf

1307 1807 1398 1867 muss.
1413 1805 1481 1865 Hier
1500 1805 1538 1865 ist
1553 1803 1596 1863 die
1615 1802 1722 1862 einzige
1746 1799 1938 1859 Möglichkeit
1953 1798 2001 1858 der
2020 1796 2256 1856 zweckmässigen
2285 1796 2333 1856 Er¬

241 1814 426 1874 Strassburg.)
444 1813 608 1873 Strassburg
633 1811 668 1871 ist
685 1810 870 1870 unbestritten
901 1808 948 1868 der
965 1807 1259 1867 zweitbedeutendste

1311 1841 1484 1901 schliessung
1518 1838 1647 1898 weiterer
1686 1835 1909 1895 Wohngebiete,
1938 1834 2003 1894 aber
2037 1834 2106 1894 auch
2146 1832 2190 1892 die
2225 1831 2313 1891 einzig

238 1849 400 1909 Flusshafen
428 1847 635 1907 Frankreichs,
655 1846 704 1906 und
733 1844 809 1904 wenn
838 1844 899 1904 man
927 1843 1025 1903 dessen
1057 1843 1183 1903 Verkehr
1207 1843 1248 1903 mi

1317 1877 1495 1937 Möglichkeit
1520 1875 1569 1935 der
1594 1873 1772 1933 Gewinnung
1802 1871 1851 1931 von
1881 1870 1969 1930 neuem
2014 1870 2068 1930 und
2098 1868 2211 1928 billigem
2251 1867 2320 1927 Indu

243 1885 286 1945 dem
334 1885 381 1945 der
415 1883 553 1943 Seehäfen
588 1882 756 1942 vergleicht,
786 1881 834 1941 der
864 1879 1161 1939 drittbedeutendste.
1209 1877 1243 1937 De

1308 1913 1495 1973 striegelände
1521 1910 1661 1970 gegeben.
1677 1909 1750 1969 Kehl
1771 1907 1839 1967 wird
1865 1906 2078 1966 wirtschaftlich
2104 1904 2161 1964 nur
2182 1903 2322 1963 durchhal

242 1921 404 1981 eigentliche
442 1919 651 1979 Güterverkehr
684 1918 709 1978 in
747 1916 797 1976 den
835 1915 1052 1975 Hafenanlagen
1090 1913 1186 1973 betrug
1223 1913 1244 1973 im

1318 1948 1371 2008 ten,
1389 1948 1460 2008 wenn
1486 1948 1513 2008 es
1531 1948 1575 2008 ihm
1610 1946 1731 2006 gelingt,
1744 1945 1766 2005 in
1793 1944 1842 2004 den
1868 1942 2001 2002 nächsten
2032 1940 2134 2000 Jahren
2161 1940 2334 2000 bestehende

247 1957 309 2017 März
331 1955 420 2015 97,416
442 1954 575 2014 Tonnen;
597 1954 672 2014 wenn
699 1952 757 2012 man
783 1952 921 2012 Kohlen-,
939 1951 1014 2011 Kali-
1036 1951 1085 2011 und
1111 1949 1263 2009 Eisenerz¬

1318 1984 1468 2044 sudustrien
1495 1982 1521 2042 zu
1543 1982 1690 2042 erweitern
1716 1979 1765 2039 und
1787 1978 1858 2038 neue
1884 1975 2084 2035 anzusiedeln.
2097 1973 2163 2033 Dies
2181 1974 2252 2034 liegt
2270 1975 2332 2035 aber

239 1993 360 2053 verkehr
394 1991 618 2051 hinzurechnet,
652 1989 743 2049 ergibt
777 1988 808 2048 es
842 1987 920 2047 einen
963 1985 1174 2045 Totalverkehr
1209 1984 1257 2044 vor

1956 2014 2091 2074 weiteren
2131 2010 2332 2070 Entwicklung

1323 2020 1375 2080 auch
1411 2018 1493 2078 nicht
1517 2017 1628 2077 zuletzt
1652 2017 1676 2077 im
1719 2015 1862 2075 Interesse
1894 2015 1941 2075 der

244 2027 343 2087 457,530
377 2027 511 2087 Tonnen.
537 2026 571 2086 Es
601 2026 701 2086 kamen
735 2024 765 2084 an
799 2024 851 2084 per
881 2023 967 2083 Rhein
1002 2021 1109 2081 150,010
1144 2020 1256 2080 Tonner

1310 2056 1356 2116 des
1383 2056 1487 2116 Kehler
1513 2054 1645 2114 Hafens.

240 2065 360 2125 Kohlen,
374 2063 463 2123 52,220
489 2062 601 2122 Tonnen
628 2060 757 2120 Getreide
783 2059 833 2119 und
859 2059 935 2119 7,082
957 2057 1073 2117 Tonnen
1100 2057 1247 2117 Petroleun

1391 2098 1437 2158 Der
1458 2096 1630 2156 Karlsruher
1651 2094 1848 2154 Rheinhafen.
1865 2092 1915 2152 Die
1937 2092 2277 2152 Verkehrsentwicklung
2302 2092 2322 2152 in

246 2101 302 2161 plus
323 2101 431 2161 diverse
457 2098 556 2158 Güter.
573 2098 712 2158 Talwärts
733 2095 871 2155 versandt
893 2095 1005 2155 wurden
1030 2093 1125 2153 27,364
1147 2093 1259 2153 Tonner

1319 2135 1483 2195 Karlsruher
1506 2132 1683 2192 Rheinhafen
1716 2130 1765 2190 hat
1789 2129 1811 2189 in
1839 2129 1889 2189 den
1921 2129 2021 2189 letzten
2048 2128 2154 2188 Jahren
2181 2128 2258 2188 einen
2290 2126 2317 2186 an

245 2137 313 2197 Kali,
331 2136 408 2196 4,580
430 2134 546 2194 Tonnen
572 2133 663 2193 Soda,
680 2132 788 2192 182,760
814 2131 926 2191 Tonnen
951 2131 1085 2191 Eisenerz
1111 2131 1158 2191 und
1189 2131 1262 2191 2,503

1323 2170 1472 2230 jehnlichen
1496 2167 1689 2227 Aufschwung
1712 2165 1895 2225 genommen.
1910 2164 1962 2224 Der
1986 2164 2111 2224 Verkehr
2131 2164 2179 2224 hat
2198 2162 2251 2222 sich
2275 2162 2337 2222 der¬

239 2173 346 2233 Tonnen
378 2170 613 2230 Eisenprodukte
641 2167 700 2227 plus
728 2167 839 2227 diverse
867 2167 950 2227 Güter

1308 2207 1350 2267 art
1374 2204 1539 2264 gesteigert,
1553 2203 1619 2263 dass
1643 2201 1870 2261 beispielsweise
1893 2200 1912 2260 im
1949 2200 2048 2260 letzten
2082 2200 2167 2260 Jahre
2190 2198 2237 2258 der
2266 2198 2337 2258 Koh¬

321 2208 375 2268 Was
409 2207 463 2267 den
501 2205 719 2265 Kanalverkehr
756 2203 919 2263 anbetrifft,
949 2201 978 2261 so
1016 2201 1074 2261 war
1108 2200 1137 2260 er
1175 2200 1258 2260 durch

1323 2242 1483 2302 enverkehr
1514 2239 1625 2299 grösser
1657 2237 1727 2297 war,
1754 2237 1794 2297 als
1825 2237 1878 2297 der
1909 2236 2149 2296 Gesamtverkehr
2181 2236 2203 2296 im
2251 2235 2336 2295 Jahre

250 2243 371 2303 Schleuse
399 2243 432 2303 51
456 2242 509 2302 des
534 2240 882 2300 Rhein—Herne-Kanals
907 2237 1073 2297 folgender:
1098 2236 1171 2296 Nach
1203 2236 1252 2296 dem

1319 2278 1392 2338 1911,
1414 2278 1437 2338 Im
1478 2276 1564 2336 Jahre
1587 2275 1655 2335 1927
1678 2273 1774 2333 betrug
1801 2273 1851 2333 der
1878 2272 2115 2332 Kohlenverkehr
2137 2270 2211 2330 zwei
2233 2269 2337 2329 Millio¬

244 2281 357 2341 Inneren
386 2278 482 2338 fuhren
511 2278 557 2338 161
582 2276 716 2336 beladene
745 2275 942 2335 Kanalschiffe
967 2273 1022 2333 und
1046 2273 1076 2333 39
1101 2273 1189 2333 leere,
1210 2273 1260 2333 und

1311 2314 1355 2374 nen
1386 2312 1520 2372 Tonnen,
1538 2311 1587 2371 das
1609 2310 1667 2370 sind
1694 2309 1725 2369 50
1747 2308 1877 2368 Prozent
1895 2307 1975 2367 mehr
1997 2306 2037 2366 als
2060 2306 2082 2366 in
2108 2306 2158 2366 den
2189 2305 2327 2365 Friedens

242 2315 286 2375 vom
331 2314 452 2374 Inneren
489 2312 590 2372 kamen
627 2311 676 2371 197
708 2309 846 2369 beladene
882 2309 935 2369 und
968 2308 1001 2368 17
1033 2308 1122 2368 leere.
1171 2309 1261 2369 Durcl

1318 2350 1429 2410 jahren.
1442 2348 1500 2408 Der
1513 2345 1753 2405 Gesamtverkehr
1775 2344 1810 2404 ist
1829 2344 1877 2404 von
1899 2342 2037 2402 1,137,479
2059 2342 2170 2402 Tonnen
2197 2342 2219 2402 im
2254 2342 2339 2402 Jahre

243 2350 368 2410 Schleuse
402 2350 431 2410 85
461 2349 507 2409 des
536 2347 888 2407 Rhein—Rhone-Kanals
918 2345 1019 2405 fuhren
1048 2344 1098 2404 324
1128 2344 1262 2404 beladene

1322 2386 1375 2446 1925
1406 2384 1455 2444 auf
1472 2383 1610 2443 2,139,171
1632 2381 1743 2441 Tonnen
1774 2380 1796 2440 im
1836 2378 1920 2438 Jahre
1942 2378 2009 2438 1927
2031 2377 2190 2437 gestiegen,
2208 2377 2262 2437 hat
2279 2377 2332 2437 also

246 2386 433 2446 Kanalschiffe
458 2384 484 2444 in
509 2384 647 2444 Richtung
672 2382 839 2442 Mülhausen
868 2381 919 2441 und
948 2381 994 2441 von
1023 2380 1090 2440 dort
1107 2380 1207 2440 kamen
1236 2380 1244 2440 3

1324 2420 1361 2480 len
1386 2419 1524 2479 höchsten
1553 2418 1637 2478 Stand
1666 2416 1717 2476 der
1742 2415 1950 2475 Friedenszeit,
1972 2414 2017 2474 den
2051 2413 2134 2473 Stand
2163 2413 2213 2473 des
2235 2414 2335 2474 Jahres

246 2422 375 2482 beladene
403 2422 452 2482 und
485 2420 533 2480 264
557 2420 647 2480 leere.
671 2419 708 2479 Da
736 2419 797 2479 man
829 2417 874 2477 die
902 2417 1097 2477 betreffenden
1129 2416 1259 2476 Angaben

1319 2455 1375 2515 1913
1403 2455 1424 2515 in
1448 2454 1529 2514 Höhe
1553 2453 1602 2513 von
1626 2452 1667 2512 1,4
1691 2451 1833 2511 Millionen
1861 2450 1971 2510 Tonnen
1999 2449 2031 2509 um
2068 2449 2137 2509 rund
2161 2449 2189 2509 44
2218 2449 2340 2509 Prozent

240 2459 307 2519 jetzt
325 2458 383 2518 erst
400 2457 507 2517 erhält,
525 2456 565 2516 sei
583 2455 649 2515 noch
676 2454 841 2514 mitgeteilt,
859 2453 925 2513 dass
943 2453 965 2513 im
1001 2452 1130 2512 Februar
1152 2451 1197 2511 111
1219 2450 1268 2510 be¬

1314 2489 1537 2549 überschritten.
1550 2488 1648 2548 Dieser
1670 2486 1799 2546 günstige
1821 2485 2155 2545 Verkehrsaufschwung
2177 2484 2226 2544 des
2244 2483 2342 2543 Karls¬

234 2494 330 2554 ladene
365 2493 563 2553 Kanalschiffe
595 2491 639 2551 die
671 2489 821 2549 Hüninger
853 2488 988 2548 Schleuse
1020 2486 1194 2546 passierten,
1222 2488 1253 2548 un

1318 2527 1399 2587 ruher
1425 2525 1623 2585 Rheinhafens
1645 2523 1748 2583 macht
1770 2521 1830 2581 eine
1860 2519 2040 2579 wesentliche
2066 2519 2260 2579 Erweiterung
2290 2519 2338 2579 der

236 2530 301 2590 nach
330 2529 415 2589 Basel
436 2528 464 2588 zu
493 2528 591 2588 fahren
620 2527 673 2587 und
701 2526 750 2586 von
779 2525 844 2585 dort
860 2524 963 2584 kamen
992 2523 1020 2583 14
1044 2522 1184 2582 beladene
1212 2523 1261 2583 und

1310 2563 1511 2623 verhandenen
1545 2558 1936 2618 Umschlagseinrichtungen
1965 2555 2058 2615 nötig.
2083 2555 2138 2615 Der
2167 2556 2339 2616 Karlsruher

247 2566 271 2626 98
303 2563 379 2623 leere

1320 2599 1441 2659 Stadtrat
1466 2597 1655 2657 beschäftigte
1684 2594 1742 2654 sich
1772 2594 1797 2654 in
1830 2593 1910 2653 einer
1935 2593 2027 2653 seiner
2057 2593 2152 2653 letzten
2186 2593 2332 2653 Sitzungen

317 2602 451 2662 Erwähnt
482 2600 529 2660 sei
561 2599 651 2659 noch,
683 2599 746 2659 dass
785 2597 836 2657 der
875 2597 1170 2657 Konkurrenz-Hafen
1213 2596 1260 2656 von

1315 2634 1365 2694 mit
1390 2633 1440 2693 der
1470 2632 1663 2692 Erweiterung
1697 2630 1743 2690 der
1772 2628 2125 2688 Betriebseinrichtungen
2159 2626 2209 2686 des
2238 2626 2340 2686 Rhein¬

255 2638 425 2698 Strassburg,
445 2637 502 2697 also
539 2635 620 2695 Kehl,
648 2635 697 2695 vom
742 2633 790 2693 10.
815 2633 875 2693 Juli
900 2632 965 2692 1928
1002 2632 1030 2692 ab
1062 2632 1168 2692 wieder
1196 2632 1245 2692 gan

1316 2669 1415 2729 hafens
1445 2668 1493 2728 und
1528 2666 1691 2726 beschloss,
1709 2665 1752 2725 die
1782 2665 1959 2725 städtischen
1994 2663 2340 2723 Umschlagseinrichtun¬

247 2673 322 2733 unter
350 2671 503 2731 deutscher
531 2670 712 2730 Verwaltung
739 2669 795 2729 sein
830 2669 893 2729 wird
929 2669 980 2729 und
1011 2668 1078 2728 dass
1106 2668 1157 2728 das
1184 2668 1264 2728 Reicl

1316 2707 1357 2767 gen
1387 2706 1407 2766 in
1437 2705 1483 2765 den
1512 2702 1646 2762 nächsten
1675 2701 1776 2761 Jahren
1801 2699 1973 2759 planmässig
2002 2699 2027 2759 zu
2052 2699 2208 2759 erneuern,
2229 2698 2254 2758 zu
2279 2698 2325 2758 ver

245 2708 320 2768 einen
352 2707 493 2767 Zuschuss
525 2707 572 2767 von
607 2705 714 2765 750,000
749 2705 824 2765 Mark
855 2704 989 2764 gewährt
1012 2702 1040 2762 zu
1076 2702 1170 2762 dessen
1209 2702 1257 2762 Ver

1321 2741 1428 2801 mehren
1455 2740 1502 2800 und
1530 2740 1557 2800 zu
1581 2738 1746 2798 erweitern.
1762 2737 1939 2797 Interessant
1958 2737 1993 2797 ist
2009 2735 2029 2795 in
2056 2735 2103 2795 der
2123 2735 2335 2795 stadträtlichen

242 2745 426 2805 grösserung,
439 2743 590 2803 ausserdem
628 2741 695 2801 wird
720 2741 766 2801 der
791 2741 862 2801 Lauf
884 2740 934 2800 der
955 2740 1051 2800 Kinzig
1076 2740 1198 2800 verlegt,
1211 2738 1266 2798 wa¬

1318 2777 1448 2837 Vorlage,
1468 2776 1535 2836 dass
1558 2776 1589 2836 an
1617 2774 1786 2834 sämtlichen
1817 2773 2018 2833 vorhandenen
2053 2771 2254 2831 Hafenbecken
2289 2771 2336 2831 alle

247 2780 377 2840 2,925,000
409 2779 484 2839 Mark
515 2779 618 2839 Kosten
649 2777 831 2837 verursacht,
854 2777 886 2837 um
929 2777 1020 2837 Hafen
1052 2777 1103 2837 und
1138 2776 1269 2836 Bahnhol

1309 2813 1328 2873 in
1363 2812 1501 2872 Betracht
1527 2809 1719 2869 kommenden
1750 2808 1845 2868 Plätze
1876 2807 2014 2867 vergeben
2045 2807 2121 2867 sind,
2144 2807 2171 2867 so
2202 2807 2271 2867 dass
2298 2807 2339 2867 die

247 2817 292 2877 von
320 2816 396 2876 Kehl
413 2815 579 2875 vergrösser
624 2815 652 2875 zu
679 2815 811 2875 können.

1322 2849 1403 2909 Frage
1427 2848 1475 2908 der
1500 2846 1671 2906 Errichtung
1695 2844 1744 2904 des
1764 2842 1874 2902 fünften
1906 2842 2142 2902 Hafenbeckens,
2158 2842 2256 2902 dessen
2284 2843 2337 2903 Bau

323 2852 348 2912 Am
385 2852 433 2912 13.
451 2851 525 2911 März
550 2849 646 2909 wurde
672 2849 712 2909 die
742 2848 812 2908 neue
837 2846 959 2906 Zufahrt
981 2846 1029 2906 zum
1069 2846 1267 2906 Strassburger

1317 2885 1398 2945 durch
1431 2884 1512 2944 Krieg
1540 2882 1593 2942 und
1622 2881 1838 2941 Inflationszeit
1862 2880 2029 2940 verhindert
2058 2879 2168 2939 wurde,
2188 2879 2290 2939 wieder
2318 2879 2339 2939 in

250 2888 422 2948 Rheinhafen
448 2887 513 2947 über
532 2887 582 2947 den
608 2886 658 2946 neu
681 2885 814 2945 erbauten
844 2884 917 2944 Pont
932 2884 1069 2944 d’Anvers
1092 2884 1272 2944 eingeweiht.

1322 2921 1364 2981 den
1391 2920 1506 2980 Bereich
1533 2919 1583 2979 der
1606 2918 1783 2978 Erörterung
1806 2917 1929 2977 gezogen
1956 2917 2037 2977 wird.

249 2924 374 2984 Obgleich
407 2923 457 2983 der
487 2921 612 2981 gesamte
646 2920 771 2980 Verkehr
804 2920 825 2980 im
871 2919 959 2979 Hafen
996 2918 1264 2978 zufriedenstellenc

251 2959 291 3019 ist,
314 2959 385 3019 lässt
405 2958 456 3018 der
484 2957 653 3017 eigentliche
680 2955 905 3015 Güterverkehr,
929 2954 976 3014 der
1004 2954 1047 3014 für
1075 2954 1125 3014 den
1157 2954 1267 3014 lokalen

1391 2962 1688 3022 Schiffsmeldedienst
1711 2959 1852 3019 zwischen
1887 2959 1936 3019 der
1963 2959 2135 3019 Karlsruher
2165 2959 2344 3019 Hafenmün¬

250 2993 357 3053 Handel
379 2993 445 3053 sehr
467 2993 582 3053 wichtig
607 2992 655 3052 ist,
674 2991 744 3051 noch
773 2990 839 3050 sehr
861 2990 921 3050 viel
943 2989 969 3049 zu
998 2990 1149 3050 wünschen
1178 2992 1256 3052 übrig

1320 3001 1384 3061 dung
1433 2999 1482 3059 und
1522 2997 1571 3057 der
1603 2995 1992 3055 Maxau-Maximiliansauer
2021 2995 2252 3055 Schiffsbrücke.
2284 2996 2342 3056 Das

241 3031 298 3091 eine
329 3029 486 3089 Besserung
516 3028 608 3088 dieses
635 3028 795 3088 Zustandes
826 3026 898 3086 kann
929 3026 998 3086 aber
1024 3026 1109 3086 nicht
1132 3025 1201 3085 eher
1231 3025 1270 3085 er¬

1322 3035 1452 3095 Badische
1484 3033 1700 3093 Rheinbauamt
1728 3031 1881 3091 Mannheim
1925 3031 2145 3091 veröffentlicht
2173 3031 2252 3091 unter
2283 3031 2330 3091 dem

239 3065 346 3125 folgen,
365 3065 407 3125 als
430 3065 472 3125 bis
499 3064 541 3124 die
568 3064 682 3124 surtaxe
709 3064 873 3124 d'entrepôt
893 3062 961 3122 auch
992 3064 1034 3124 für
1057 3064 1099 3124 die
1126 3064 1259 3124 holländi

1315 3072 1359 3132 25.
1371 3071 1445 3131 März
1469 3070 1534 3130 1928
1559 3068 1689 3128 folgende
1713 3067 1989 3127 Bekanntmachung
2018 3067 2059 3127 für
2083 3067 2124 3127 die
2148 3067 2344 3127 Rheinschiff¬

244 3100 322 3160 schen
352 3101 441 3161 Häfen
471 3100 597 3160 gänzlich
627 3098 805 3158 aufgehoben
835 3100 902 3160 wird

1319 3107 1406 3167 fahrt:
1433 3106 1502 3166 «Zur
1528 3104 1745 3164 Erleichterung
1775 3103 1828 3163 der
1855 3103 2015 3163 Schiffahrt
2041 3103 2079 3163 ist
2102 3103 2243 3163 zwischen
2277 3103 2326 3163 dem

1321 3142 1475 3202 Zollposten
1499 3140 1530 3200 am
1566 3139 1716 3199 Ausgange
1739 3139 1791 3199 des
1814 3137 1984 3197 Karlsruher
2012 3137 2193 3197 Stichkanals
2217 3137 2268 3197 und
2296 3137 2340 3197 der

321 3142 361 3202 Die
387 3142 516 3202 Zukunft
538 3142 582 3202 des
608 3142 711 3202 Kehler
737 3142 859 3202 Hafens.
877 3142 899 3202 Im
940 3142 1069 3202 Sommer
1091 3142 1139 3202 des
1161 3142 1271 3202 laufen¬

1325 3178 1516 3238 Schiffbrücke
1538 3175 1638 3235 Maxau
1664 3175 1703 3235 ein
1733 3175 1924 3235 Meldedienst
1947 3175 2134 3235 eingerichtet
2152 3175 2263 3235 derart,
2278 3175 2328 3235 das

252 3179 294 3239 den
320 3179 423 3239 Jahres
442 3179 518 3239 läuft
537 3178 579 3238 die
605 3178 682 3238 Frist
700 3178 750 3238 der
773 3178 997 3238 Zugehörigkeit
1016 3178 1066 3238 des
1088 3178 1191 3238 Kehler
1214 3179 1252 3239 Ha

1319 3214 1395 3274 jedes
1420 3214 1468 3274 den
1501 3212 1671 3272 Stichkanal
1696 3212 1716 3272 in
1748 3211 1886 3271 Richtung
1919 3211 2016 3271 Maxau
2048 3210 2227 3270 verlassende
2255 3209 2328 3269 Fahr

250 3215 305 3275 fens
327 3215 374 3275 zum
415 3214 617 3274 Strassburger
639 3214 727 3274 Hafen
757 3214 797 3274 als
823 3214 1058 3274 wirtschaftliche
1087 3215 1205 3275 Einheit
1227 3214 1274 3274 ab.

1325 3251 1383 3311 zeug
1408 3250 1454 3310 von
1484 3250 1534 3310 dem
1568 3248 1735 3308 Zollwärter
1756 3248 1786 3308 am
1827 3248 2000 3308 Stichkanal
2020 3247 2050 3307 an
2075 3247 2121 3307 die
2146 3246 2344 3306 Schiffbrücke

252 3253 268 3313 Im
311 3251 465 3311 badischen
496 3250 784 3310 Staatsvoranschlag
815 3251 964 3311 1927/1928
996 3251 1035 3311 ist
1059 3250 1114 3310 nun
1149 3250 1188 3310 ein
1224 3248 1276 3308 Be¬
