2921 3609
1969 190 2104 250 t

1519 277 1695 337 Basel,
1742 277 1824 337 den
1871 277 1924 337 3.
1964 277 2046 337 Mai
2093 278 2240 338 1928.

706 314 894 374 Basler

295 385 1246 445 Rheinschiffahrt-Aktiengesellschaft

620 448 896 508 Marktgasse
927 450 942 510 5

630 539 776 599 Postfach
802 541 902 601 Basel
921 544 948 604 1

537 587 718 647 Telephon:
744 586 889 646 Safran
919 587 1020 647 47.90

533 631 778 691 Telegramme:
806 631 1022 691 Navibale

535 673 853 733 Postcheck-Konto
885 673 904 733 V
941 675 1016 735 3012

1413 674 1554 734 Herrn
1602 674 1684 734 Dr.
1720 673 1808 733 Max
1879 673 2315 733 Vischer,

302 730 619 790 Bankverbindung:
636 728 909 788 Schweizerischer
926 728 1147 788 Bankverein,
1160 731 1251 791 Basel

2090 772 2390 832 Basel.

1988 823 2057 883 St.
2103 824 2484 884 Albangraben.

741 825 822 885 R/M

1348 1172 1387 1232 In
1432 1174 1515 1234 No.
1560 1174 1576 1234 4
1621 1174 1705 1234 der
1743 1172 2105 1232 Rheinquellen
2150 1171 2289 1231 lesen
2334 1172 2417 1232 wir

727 1273 860 1333 einen
902 1274 1110 1334 Artikel
1147 1273 1259 1333 über
1301 1273 1620 1333 Äenderungen
1668 1272 1716 1332 in
1758 1271 1838 1331 der
1881 1271 2417 1331 Personenschiffahrt

719 1372 858 1432 Basel
901 1373 917 1433 -
959 1375 1318 1435 Rheinfelden,
1361 1373 1596 1433 verfasst
1634 1373 1714 1433 vom
1757 1372 1992 1432 Redaktor
2036 1372 2115 1432 und
2159 1372 2388 1432 Schrift-

730 1474 927 1534 steller
968 1475 1072 1535 Jean
1119 1475 1322 1535 Richard
1363 1475 1508 1535 Frey.
1549 1474 1659 1534 Ohne
1700 1474 1903 1534 Zweifel
1944 1474 2083 1534 wurde
2124 1474 2292 1534 dieser
2338 1474 2443 1534 Herr

732 1573 807 1633 von
852 1574 988 1634 Ihnen
1034 1576 1356 1636 orientiert,
1401 1576 1508 1636 denn
1553 1576 1598 1636 es
1644 1576 1724 1636 ist
1764 1576 2208 1636 ausgeschlossen,
2248 1576 2354 1636 dass

730 1676 837 1736 Herr
879 1678 986 1738 Frey
1033 1678 1110 1738 die
1152 1678 1389 1738 Angaben,
1431 1679 1508 1739 die
1550 1679 1633 1739 er,
1674 1678 1965 1738 allerdings
2007 1678 2084 1738 die
2132 1676 2363 1736 Wahrheit
2405 1675 2482 1735 um-

731 1775 964 1835 kehrend,
1006 1775 1048 1835 in
1091 1777 1260 1837 diesem
1307 1777 1509 1837 Artikel
1545 1777 1720 1837 macht,
1762 1777 1842 1837 aus
1879 1777 1963 1837 der
2006 1777 2117 1837 Luft
2154 1778 2413 1838 gegriffen

723 1876 832 1936 hat.
870 1876 951 1936 Wir
995 1876 1164 1936 teilen
1207 1876 1344 1936 Ihnen
1393 1876 1595 1936 hiermit
1633 1876 1748 1936 mit,
1791 1876 1895 1936 dass
1943 1876 1988 1936 in
2031 1877 2233 1937 Zukunft
2277 1876 2445 1936 solche

730 1975 1077 2035 unverschämte
1118 1975 1502 2035 Publikationen
1549 1976 1595 2036 zu
1642 1976 1958 2036 unterlassen
2010 1978 2145 2038 sind,
2186 1978 2388 2038 ansonst
2430 1978 2507 2038 wir

736 2072 810 2132 der
852 2074 1296 2134 Oeffentlichkeit
1339 2075 1476 2135 unter
1518 2075 1719 2135 Nennung
1762 2074 1904 2134 aller
1946 2074 2084 2134 Namen
2126 2074 2327 2134 bekannt
2369 2075 2576 2135 geben,

728 2174 926 2234 werden,
968 2174 1080 2234 dass
1123 2174 1203 2234 die
1240 2174 2185 2234 Personenschiffahrtsgesellschaft
2223 2176 2367 2236 nicht
2410 2176 2549 2236 durch

723 2272 883 2332 unsere
926 2272 1252 2332 Konkurrenz,
1300 2273 1498 2333 sondern
1541 2273 1680 2333 durch
1728 2273 1808 2333 die
1851 2275 2176 2335 Unfähigkeit
2214 2275 2359 2335 ihrer
2401 2276 2599 2336 Leitung

723 2372 769 2432 zu
816 2373 982 2433 Grunde
1023 2374 1257 2434 gegangen
1299 2375 1413 2435 ist.
1455 2375 1532 2435 Wir
1579 2375 1740 2435 können
1787 2375 1895 2435 dies
1943 2374 1984 2434 an
2031 2374 2140 2434 Hand
2186 2374 2259 2434 von
2311 2375 2596 2435 Dokumenten

722 2470 951 2530 beweisen
1000 2471 1076 2531 und
1121 2471 1284 2531 können
1334 2472 1443 2532 auch
1486 2474 1721 2534 belegen,
1765 2474 1869 2534 dass
1912 2476 1995 2536 die
2033 2476 2273 2536 Angaben,
2311 2476 2394 2536 die
2437 2475 2546 2535 Herr

727 2575 830 2635 Frey
874 2575 918 2635 in
966 2573 1136 2633 seinem
1180 2575 1381 2635 Artikel
1425 2575 1599 2635 macht,
1643 2576 1813 2636 unwahr
1856 2576 1998 2636 sind.
2041 2577 2085 2637 Im
2129 2576 2325 2636 übrigen
2369 2575 2538 2635 messen

721 2674 797 2734 wir
841 2674 913 2734 dem
962 2674 1165 2734 Artikel
1214 2674 1352 2734 keine
1390 2675 1659 2735 Bedeutung
1702 2675 1812 2735 bei,
1856 2675 1906 2735 da
1949 2675 2119 2735 sowohl
2163 2675 2240 2735 die
2284 2675 2613 2735 Zeitschrift

723 2774 802 2834 als
842 2775 921 2835 die
967 2776 1166 2836 Person,
1212 2777 1291 2837 die
1331 2777 1410 2837 den
1450 2777 1654 2837 Artikel
1695 2777 1927 2837 verfasst
1968 2777 2081 2837 hat,
2121 2777 2172 2837 zu
2212 2777 2354 2837 wenig
2393 2780 2655 2840 Beachtung

724 2876 944 2936 finden.

1934 2930 2271 2990 Hochachtend

2026 2980 2211 3040 BASLER

1541 3029 2572 3089 RHALNSCHHFAHRT-AXTIENGESELISCHAFT

1694 3160 1731 3220 W

2546 289 2573 349 3
