2921 3609
378 784 469 844 R/M

2084 316 2408 376 Abschrift.

695 527 872 587 Basler
914 524 1963 584 Rheinschiffahrt-Aktiengesellschaft

1497 727 1679 787 Basel,
1723 727 1811 787 den
1855 725 1912 785 3.
1956 724 2038 784 Mai
2088 726 2239 786 1928.

1022 977 1162 1037 Herrn
1200 977 1259 1037 W.
1297 976 1658 1036 Stauffacher,

1012 1031 1278 1091 Präsident
1320 1031 1403 1091 des
1438 1030 1645 1090 Vereins
1692 1028 1776 1088 für
1811 1027 1894 1087 die
1935 1025 2237 1085 Schiffahrt
2284 1025 2361 1085 auf
2403 1024 2479 1084 dem

1023 1082 1324 1142 Oberrhein,

2062 1184 2379 1244 Basel.

1019 1385 1069 1445 In
1113 1385 1227 1445 No.4
1270 1384 1352 1444 der
1396 1383 1748 1443 Rheinquellen
1792 1381 1880 1441 ist
1917 1381 1993 1441 ein
2043 1379 2244 1439 Artikel
2288 1378 2402 1438 über
2446 1377 2521 1437 die

713 1489 1036 1549 Aenderungen
1073 1488 1122 1548 in
1166 1487 1253 1547 der
1290 1485 1830 1545 Personenschiffahrt
1867 1481 2406 1541 Basel-Rheinfelden,
2450 1480 2530 1540 der

710 1594 997 1654 vollkommen
1048 1591 1124 1651 den
1162 1590 1430 1650 Tatsachen
1474 1588 1927 1648 entgegengesetzt
1958 1585 2080 1645 ist.
2118 1585 2169 1645 Da
2213 1583 2297 1643 Ihr
2335 1582 2500 1642 Verein

707 1694 779 1754 für
819 1694 899 1754 die
945 1694 1210 1754 Förderung
1256 1693 1335 1753 der
1376 1691 1700 1751 Schiffahrt,
1740 1690 1853 1750 ganz
1892 1688 2250 1748 gleichgültig
2296 1685 2376 1745 von
2416 1684 2621 1744 welcher

704 1796 1060 1856 Gesellschaft
1098 1795 1241 1855 diese
1286 1793 1544 1853 betrieben
1589 1793 1732 1853 wird,
1771 1792 2010 1852 besteht,
2049 1790 2281 1850 ersuchen
2327 1787 2411 1847 wir
2443 1786 2527 1846 Sie

706 1902 744 1962 um
790 1901 936 1961 gefl.
974 1900 1213 1960 Bericht,
1251 1898 1304 1958 ob
1343 1897 1428 1957 Sie
1474 1897 1643 1957 tereit
1689 1895 1827 1955 sind,
1866 1894 1919 1954 in
1957 1892 2104 1952 Ihrer
2142 1888 2480 1948 Zeitschrift

712 2002 814 2062 eine
862 2002 1217 2062 Berichtigung
1258 1999 1340 2059 der
1381 1999 1490 2059 dort
1531 1996 1859 2056 vollständig
1900 1994 2064 2054 falsch
2112 1992 2494 2052 dargestellten
2536 1990 2644 2050 Tat-

706 2105 875 2165 sachen
920 2104 964 2164 zu
1008 2104 1243 2164 bringen.
1280 2102 1368 2162 Wir
1405 2101 1574 2161 würden
1618 2101 1700 2161 nur
1744 2099 1913 2159 einige
1957 2098 2163 2158 Punkte,
2200 2095 2282 2155 die
2326 2093 2495 2153 falsch
2539 2091 2649 2151 dar-

721 2209 949 2269 gestellt
987 2206 1131 2266 sind,
1170 2204 1590 2264 richtigstellen
1635 2201 1711 2261 und
1757 2200 2054 2260 verlangen,
2092 2197 2207 2257 dass
2245 2195 2352 2255 Jean
2397 2194 2595 2254 Richard

699 2310 808 2370 Frey
852 2309 991 2369 seine
1042 2308 1276 2368 unwahren
1312 2305 1516 2365 Angaben
1561 2301 1926 2361 zurücknimmt,
1963 2298 2203 2358 bedauert
2248 2296 2320 2356 und
2364 2294 2444 2354 sie
2488 2294 2627 2354 rich-

1305 2366 1358 2426 an

706 2412 1001 2472 tigstellt.
1039 2410 1124 2470 Wir
1163 2408 1365 2468 nehmen,
1411 2405 1520 2465 dass
1558 2404 1636 2464 Sie
1682 2404 1760 2464 von
1799 2402 1892 2462 der
1923 2401 2225 2461 Verfassung
2264 2398 2434 2458 dieses
2473 2397 2620 2457 wahr-

713 2512 1095 2572 heitswidrigen
1135 2509 1372 2569 Artikels
1411 2505 1550 2565 keine
1596 2503 1827 2563 Kenntnis
1873 2500 2071 2560 hatten.

1775 2603 2108 2663 Hochachtend

1860 2654 2045 2714 BASLER

1340 2707 2382 2767 RHEINSCHIFFAHRT-AKTIENGESELLSCHAFT

1941 2809 2051 2869 sig.
2094 2806 2380 2866 Groschupf

1412 2818 1526 2878 sig.
1573 2812 1767 2872 Ritter

2515 344 2548 404 2

2560 376 2651 436 32
