2921 3609
2082 326 2400 386 Abschrift.

1705 479 1762 539 5.
1807 478 1896 538 Mai
1941 484 2100 544 1928.

974 676 1016 736 An
1058 679 1143 739 die
1185 680 1361 740 Basler
1403 680 2074 740 Rheinschiffahrts-A.G.,

1988 841 2323 901 BASEL.

979 1030 1090 1090 Herr
1129 1033 1365 1093 Direktor
1404 1034 1456 1094 W.
1495 1034 1848 1094 Stauffacher,
1887 1036 2149 1096 Präsident
2188 1036 2391 1096 unseres
2430 1038 2665 1098 Vereins.

649 1132 973 1192 übermittelt
1015 1133 1099 1193 mir
1136 1133 1220 1193 als
1262 1135 1652 1195 Schriftleiter
1694 1136 1772 1196 der
1815 1137 2145 1197 Zeitschrift
2187 1138 2289 1198 „Die
2337 1138 2721 1198 Rheinquellen"

657 1235 733 1295 Ihr
780 1235 821 1295 an
868 1235 944 1295 ihn
991 1237 1320 1297 gerichtetes
1361 1238 1625 1298 Schreiben
1672 1238 1742 1298 vom
1789 1240 1965 1300 3.d.M.
2006 1240 2088 1300 zur
2130 1240 2511 1300 Kenntnisnahme
2563 1240 2634 1300 und

662 1342 1015 1402 Erledigung.

961 1442 1038 1502 Sie
1079 1442 1378 1502 beschweren
1424 1444 1532 1504 sich
1578 1444 1717 1504 darin
1764 1444 1877 1504 über
1918 1444 2057 1504 einen
2103 1444 2149 1504 in
2196 1444 2278 1504 No.
2320 1442 2340 1502 4
2381 1442 2674 1502 erschiene-

660 1546 739 1606 nen
782 1547 983 1607 Artikel
1026 1547 1377 1607 "Aenderungen
1419 1547 1467 1607 in
1509 1547 1594 1607 der
1637 1546 2173 1606 Personenschiffahrt
2215 1547 2714 1607 Basel-Rheinfelden

659 1648 728 1708 und
771 1649 1071 1709 behaupten,
1113 1649 1162 1709 er
1204 1648 1499 1708 entspreche
1541 1648 1686 1708 nicht
1723 1649 1803 1709 den
1846 1649 2145 1709 Tatsachen.

971 1751 1139 1811 Gemäss
1180 1753 1261 1813 den
1302 1753 1383 1813 bei
1424 1753 1505 1813 der
1545 1752 1835 1812 Fachpresse
1876 1751 2230 1811 herrschenden
2276 1753 2468 1813 Usancen

655 1856 761 1916 sind
800 1855 884 1915 wir
929 1855 1035 1915 ohne
1080 1855 1315 1915 weiteres
1354 1855 1560 1915 bereit,
1600 1855 1712 1915 Ihre
1751 1856 2108 1916 Berichtigung
2153 1856 2505 1916 aufzunehmen,

660 1957 773 2017 wenn
817 1957 925 2017 sich
968 1957 1353 2017 herausstellt,
1397 1957 1505 2017 dass
1548 1957 1624 2017 sie
1668 1957 1960 2017 berechtigt
1999 1957 2112 2017 ist.
2150 1955 2231 2015 Wir
2275 1955 2502 2015 ersuchen

646 2059 760 2119 Sie,
803 2060 881 2120 uns
923 2060 1031 2120 Ihre
1074 2062 1434 2122 Berichtigung
1477 2062 1742 2122 zustellen
1790 2060 1832 2120 zu
1874 2060 2085 2120 wollen,
2126 2059 2272 2119 damit
2308 2057 2391 2117 wir
2434 2057 2506 2117 die

649 2162 1031 2222 Angelegenheit
1071 2162 1243 2222 prüfen
1288 2161 1493 2221 können.
1528 2161 1642 2221 Erst
1682 2161 1790 2221 nach
1837 2159 2225 2219 vorgenommener
2264 2161 2465 2221 Prüfung
2510 2161 2675 2221 werden

649 2261 729 2321 wir
769 2261 821 2321 in
861 2261 946 2321 der
987 2261 1095 2321 Lage
1141 2261 1284 2321 sein,
1319 2261 1370 2321 zu
1416 2261 1771 2321 entscheiden,
1811 2261 1863 2321 ob
1903 2260 1983 2320 die
2029 2260 2441 2320 unterzeichnete

650 2368 1060 2428 Schriftleitung
1102 2368 1301 2428 alsdann
1348 2366 1794 2426 "richtigstellen
1847 2365 1917 2425 und
1964 2365 2193 2425 bedauern
2240 2363 2410 2423 wird".

1715 2464 2065 2524 Hochachtend
