2921 3607
1971 317 2385 377 ABSCHRIFT

1650 499 1833 559 Basel,
1871 500 1953 560 den
1998 499 2086 559 15.
2118 499 2199 559 Mai
2244 499 2395 559 1928.

1172 799 1344 859 Basler
1385 797 1835 857 Rheinschiffahrt
1871 796 2446 856 -Aktiengesellschaft

2070 895 2357 955 Basel

1334 1093 1431 1153 Nach
1476 1093 1836 1153 mehrwöchiger
1876 1091 2207 1151 Abwesenheit
2247 1090 2350 1150 nach
2396 1091 2538 1151 Basel

765 1198 1129 1258 heimgekehrt,
1171 1196 1308 1256 finde
1351 1195 1428 1255 ich
1476 1193 1613 1253 Ihren
1661 1192 1804 1252 Brief
1846 1192 1918 1252 vom
1966 1192 2019 1252 3.
2055 1192 2145 1252 ds.
2181 1193 2294 1253 vor.

1328 1291 1408 1351 Der
1453 1291 1527 1351 von
1573 1291 1710 1351 Ihnen
1761 1291 2018 1351 erwähnte,
2063 1289 2137 1349 von
2183 1289 2319 1349 Herrn
2371 1288 2474 1348 Jean

788 1393 987 1453 Richard
1026 1392 1135 1452 Frey
1180 1391 1443 1451 verfasste
1482 1390 1720 1450 Artikel,
1765 1390 1835 1450 von
1880 1389 1957 1449 dem
2002 1388 2073 1448 ich
2118 1387 2240 1447 erst
2304 1384 2445 1444 heute

781 1492 1008 1552 Kenntnis
1055 1492 1281 1552 erhalten
1329 1491 1473 1551 habe,
1514 1490 1597 1550 ist
1633 1490 1740 1550 ohne
1788 1489 1895 1549 mein
1937 1487 2110 1547 Wissen
2157 1487 2473 1547 geschrieben

789 1594 990 1654 worden,
1035 1594 1104 1654 und
1148 1592 1224 1652 ich
1274 1592 1413 1652 lehne
1457 1591 1596 1651 daher
1646 1590 1873 1650 jegliche
1911 1588 2112 1648 direkte
2156 1587 2263 1647 oder
2307 1585 2566 1645 indirekte

790 1690 1165 1750 Verantwortung
1217 1690 1294 1750 für
1339 1690 1508 1750 dessen
1559 1690 1727 1750 Inhalt
1766 1689 1851 1749 ab.
1883 1688 2000 1748 Wenn
2045 1688 2128 1748 Sie
2167 1687 2271 1747 sich
2316 1685 2459 1745 wegen
2497 1684 2581 1744 des

793 1791 992 1851 Inhalts
1035 1790 1114 1850 des
1150 1789 1387 1849 Artikels
1429 1789 1720 1849 beschweren
1763 1789 1962 1849 wollen,
2005 1789 2175 1849 müssen
2223 1787 2296 1847 Sie
2344 1786 2448 1846 sich

792 1895 895 1955 also
940 1895 1111 1955 direkt
1151 1893 1202 1953 an
1248 1891 1321 1951 den
1367 1890 1629 1950 Verfasser
1669 1891 1879 1951 wenden.

1330 1993 1398 2053 Ich
1443 1991 1556 2051 habe
1601 1990 1742 2050 weder
1788 1988 1901 2048 Zeit
1940 1988 2042 2048 noch
2099 1990 2488 2050 Veranlassung,

787 2097 861 2157 auf
907 2095 1015 2155 Ihre
1055 2093 1591 2153 ungerechtfertigten
1638 2092 1706 2152 und
1759 2090 2142 2150 beleidigenden
2182 2087 2503 2147 Bemerkungen

790 2195 928 2255 näher
971 2194 1298 2254 einzugehen,
1340 2194 1412 2254 und
1455 2192 1661 2252 erkläre
1703 2192 1782 2252 ein
1830 2191 1903 2251 für
1945 2191 2054 2251 alle
2091 2191 2205 2251 Mal,
2248 2189 2356 2249 dass
2399 2189 2508 2249 all-

787 2293 978 2353 fällige
1019 2293 1222 2353 weitere
1264 2293 1586 2353 persönliche
1628 2291 2015 2351 Anrempelungen
2063 2290 2140 2350 von
2182 2290 2265 2350 mir
2307 2288 2450 2348 nicht
2486 2287 2599 2347 mehr

784 2395 1117 2455 beantwortet
1161 2393 1374 2453 werden.

1755 2489 1802 2549 In
1851 2488 2185 2548 Hochachtung

2501 351 2587 411 36
