1956 2860
341 376 656 436 Beziehungen
705 379 754 439 zu
795 380 880 440 der
922 381 1089 441 Basler
1131 382 1586 442 Rheinschiffahrt
1621 386 1768 446 A.-G.

337 477 445 537 habe
489 479 718 539 erteilen
756 480 965 540 können.
1010 482 1086 542 Was
1130 483 1175 543 in
1219 483 1301 543 den
1346 484 1638 544 Vorstands-

345 578 600 638 sitzungen
649 580 724 640 und
768 580 812 640 in
861 581 942 641 der
986 584 1521 644 Generalversammlung
1564 586 1639 646 vom

343 677 595 737 Präsidium
641 680 721 740 aus
761 682 1065 742 mitgeteilt
1098 684 1271 744 worden
1317 686 1430 746 ist,
1469 688 1582 748 ent-

341 780 540 840 spricht
580 782 627 842 in
673 783 813 843 allen
860 784 1033 844 Teilen
1072 784 1153 844 den
1199 786 1498 846 Tatsachen.

651 879 720 939 Sie
761 882 933 942 werden
982 884 1064 944 mit
1098 885 1181 945 mir
1222 886 1367 946 einig
1408 890 1580 950 gehen.

334 978 446 1038 dass
486 979 566 1039 der
612 982 751 1042 Tenor
791 983 877 1043 des
917 985 1123 1045 Briefes
1169 987 1309 1047 Ihrer
1348 989 1607 1049 Direktion

335 1081 693 1141 ungewähnlich
735 1085 1030 1145 persönlich
1072 1087 1156 1147 und
1191 1089 1429 1149 gehässig
1464 1091 1583 1151 ist.
1598 1091 1675 1151 Ich

334 1180 475 1240 würde
519 1181 571 1241 es
609 1183 909 1243 namentlich
955 1186 1223 1246 bedauern,
1255 1189 1370 1249 wenn
1415 1190 1492 1250 der
1537 1190 1703 1250 Verein

340 1279 420 1339 für
456 1281 536 1341 die
580 1283 879 1343 Schiffahrt
915 1285 1003 1345 auf
1039 1286 1118 1346 dem
1170 1289 1469 1349 Oberrhein,
1505 1292 1585 1352 der
1629 1293 1738 1353 ganz

343 1381 594 1441 allgemein
641 1385 719 1445 der
766 1386 1031 1446 Förderung
1071 1388 1150 1448 der
1196 1389 1481 1449 Schiffahrt
1507 1391 1580 1451 auf

337 1479 404 1539 dem
451 1482 626 1542 Rheine
667 1484 835 1544 dienen
883 1486 1024 1546 will,
1044 1488 1240 1548 dadurch
1281 1488 1361 1548 bei
1402 1489 1544 1549 Ihnen

328 1579 406 1639 und
445 1581 523 1641 dem
569 1585 1019 1645 Schweizerischen
1064 1587 1357 1647 Bankverein
1403 1588 1449 1648 in
1488 1590 1631 1650 Miss-

339 1681 512 1741 kredit
545 1684 783 1744 geriete,
830 1685 936 1745 dass
983 1686 1088 1746 Ihre
1129 1687 1394 1747 Direktion
1440 1689 1579 1749 einen

336 1779 411 1839 ihr
452 1781 602 1841 nicht
637 1783 938 1843 zusagenden
985 1785 1190 1845 Artikel
1231 1786 1313 1846 des
1355 1788 1620 1848 Sekretärs

335 1881 513 1941 dieses
552 1884 756 1944 Vereins
800 1886 877 1946 zum
922 1887 1309 1947 Ausgangspunkt
1354 1889 1431 1949 für
1475 1890 1583 1950 eine

339 1983 658 2043 persönliche
704 1983 938 2043 Campagne
977 1987 1153 2047 macht.

645 2081 716 2141 Sie
755 2084 866 2144 sind
912 2086 1023 2146 wohl
1068 2087 1114 2147 so
1159 2088 1485 2148 freundlich,
1524 2090 1700 2150 diesen

332 2181 469 2241 Brief
508 2185 593 2245 als
632 2187 933 2247 persönlich
979 2188 1025 2248 zu
1071 2189 1398 2249 betrachten;
1444 2189 1548 2249 denn
1595 2190 1673 2250 ich

334 2285 506 2345 möchte
544 2288 852 2348 vermeiden,
890 2290 1001 2350 dass
1044 2291 1211 2351 diesem
1260 2291 1618 2351 persönlichen

328 2386 528 2446 Angriff
572 2388 716 2448 Ihrer
753 2390 1023 2450 Direktion
1066 2391 1172 2451 eine
1217 2390 1454 2450 grössere
1498 2390 1573 2450 Be-

329 2487 530 2547 deutung
574 2492 901 2552 beigemessen
944 2493 1089 2553 wird,
1127 2493 1208 2553 als
1252 2494 1334 2554 ihm
1377 2495 1610 2555 zukommt.
