2921 3609
1478 332 1490 392 2
1547 329 1560 389 -

919 484 1024 544 Nach
1071 482 1429 542 Fühlungnahme
1471 482 1555 542 mit
1597 482 1676 542 der
1718 482 1923 542 Leitung
1970 482 2049 542 der
2091 482 2265 542 Basler
2306 481 2480 541 Rhein-

623 583 917 643 schiffahrt
951 581 1067 641 A.G.
1110 581 1216 641 kann
1265 581 1342 641 ich
1385 581 1526 641 Ihnen
1569 581 1743 641 sagen,
1787 581 1897 641 dass
1936 581 1989 641 es
2028 581 2139 641 auch
2183 581 2264 641 uns
2308 580 2414 640 sehr

620 683 911 743 willkommen
958 682 1061 742 sein
1108 682 1254 742 kann,
1292 682 1400 742 wenn
1447 682 1522 742 die
1569 682 1888 742 unliebsamen
1935 682 2532 742 Auseinandersetzungen

630 782 855 842 zwischen
903 781 979 841 den
1027 781 1190 841 beiden
1237 781 1683 841 Gesellschaften,
1726 782 1865 842 bezw.
1908 782 2041 842 deren
2085 782 2348 842 Leitungen
2396 781 2501 841 end-

626 883 792 943 gültig
839 881 1100 941 aufhören.
1141 880 1225 940 Die
1267 880 1439 940 Basler
1481 880 1934 940 Rheinschiffahrt
1970 881 2085 941 A.G.
2127 881 2210 941 hat
2246 881 2512 941 keinerlei

630 982 828 1042 Absicht
872 982 977 1042 oder
1021 982 1318 1042 Interesse,
1363 982 1407 1042 in
1447 982 1620 1042 irgend
1665 983 1808 1043 einer
1848 983 1952 1043 Form
2002 982 2080 1042 die
2120 982 2387 1042 Personen-

638 1082 1380 1142 schiffahrtsgenossenschaft
1424 1082 1528 1142 oder
1573 1082 1710 1142 deren
1754 1084 1956 1144 Leitung
2000 1084 2354 1144 anzugreifen,
2399 1084 2501 1144 denn

627 1183 697 1243 sie
743 1183 890 1243 zieht
925 1183 976 1243 es
1022 1183 1133 1243 vor,
1174 1183 1280 1243 ihre
1321 1183 1498 1243 Arbeit
1539 1184 1620 1244 auf
1661 1184 1742 1244 die
1783 1186 2046 1246 Erfüllung
2092 1186 2168 1246 der
2213 1186 2290 1246 von
2335 1184 2411 1244 ihr
2452 1183 2594 1243 über-

620 1283 849 1343 nommenen
891 1285 1337 1345 Verpflichtungen
1385 1285 1427 1345 zu
1475 1286 1831 1346 beschränken.
1868 1288 2219 1348 Gleichzeitig
2272 1288 2437 1348 sollte
2479 1288 2590 1348 sich

629 1385 737 1445 aber
782 1385 890 1445 auch
934 1385 1013 1445 die
1052 1386 2052 1446 Personenschiffahrtsgenossenschaft
2091 1388 2234 1448 aller
2268 1388 2499 1448 Angriffe

625 1487 880 1547 gegenüber
927 1486 1005 1546 der
1047 1486 1219 1546 Basler
1261 1487 1714 1547 Rheinschiffahrt
1750 1489 1865 1549 A.G.
1907 1490 1954 1550 in
1996 1490 2230 1550 direkter
2277 1489 2382 1549 oder
2428 1489 2506 1549 in-

621 1586 854 1646 direkter
895 1587 1037 1647 Weise
1078 1588 1378 1648 enthalten.
1419 1588 1525 1648 Dazu
1571 1589 1744 1649 gehört
1784 1589 1932 1649 auch,
1968 1589 2079 1649 dass
2125 1589 2232 1649 sich
2273 1589 2384 1649 Herr
2430 1589 2537 1649 Frey

633 1686 825 1746 darüber
866 1688 1224 1748 Rechenschaft
1266 1690 1411 1750 gibt,
1448 1690 1556 1750 dass
1603 1690 1650 1750 er
1691 1690 1831 1750 nicht
1873 1690 1951 1750 nur
1998 1690 2075 1750 als
2117 1690 2376 1750 einseitig
2423 1690 2532 1750 ein-

629 1787 925 1847 gestellter
965 1787 1197 1847 Redaktor
1237 1787 1585 1847 polemisieren
1630 1788 1776 1848 darf,
1816 1789 2013 1849 sondern
2058 1789 2163 1849 auch
2209 1790 2405 1850 gewisse

619 1888 883 1948 Pflichten
925 1889 1008 1949 als
1044 1888 1278 1948 Mitglied
1324 1888 1402 1948 des
1444 1888 1740 1948 Vorstandes
1781 1889 1859 1949 der
1901 1889 2497 1949 Personenschiffahrts-

621 1988 1040 2048 genossenschaft
1080 1988 1129 2048 zu
1173 1990 1400 2050 befolgen
1444 1990 1557 2050 hat.
1597 1990 1705 2050 Wenn
1750 1991 1888 2051 diese
1932 1991 2376 2051 Voraussetzungen
2421 1991 2499 2051 er-

616 2087 752 2147 füllt
793 2088 1002 2148 werden,
1044 2089 1091 2149 so
1133 2090 1431 2150 betrachtet
1468 2090 1546 2150 die
1593 2092 1766 2152 Basler
1808 2092 2262 2152 Rheinschiffahrt
2299 2093 2414 2153 A.G.
2456 2093 2534 2153 die

627 2191 766 2251 ganze
808 2191 1195 2251 Angelegenheit
1236 2191 1314 2251 als
1355 2192 1614 2252 endgültig
1666 2194 1893 2254 erledigt
1939 2194 2012 2254 und
2058 2195 2321 2255 begraben.

917 2291 989 2351 Ich
1035 2291 1303 2351 verbleibe
1347 2291 1431 2351 mit
1476 2291 1643 2351 besten
1689 2291 1895 2351 Grüssen

1645 2395 1738 2455 Ihr
1850 2416 2039 2476 d.
2076 2427 2302 2487 Seled
