2649 3244
622 445 730 505 gen,
775 442 883 502 wenn
929 442 1012 502 der
1056 439 1261 499 Artikel
1306 438 1376 498 von
1421 437 1562 497 Herrn
1606 436 1722 496 Frey
1760 436 1907 496 nicht
1945 436 2239 496 erschienen
2284 436 2431 496 wäre,

631 543 778 603 nicht
813 542 925 602 etwa
973 541 1203 601 deshalb,
1246 539 1358 599 weil
1399 538 1455 598 er
1490 538 1636 598 nicht
1679 535 1853 595 stimmt
1888 535 1909 595 -
1951 533 2126 593 meiner
2161 532 2370 592 Ansicht

627 643 740 703 nach
784 641 891 701 sind
936 640 1074 700 seine
1118 640 1314 700 Angaben
1364 640 1685 700 vollständig
1723 638 1925 698 richtig
1969 637 2020 697 -,
2064 635 2259 695 sondern

631 746 739 806 weil
785 745 862 805 die
906 745 1048 805 Sache
1086 743 1227 803 durch
1266 743 1350 803 den
1388 742 1593 802 Verkauf
1632 742 1709 802 nun
1754 740 1927 800 einmal
1965 739 2197 799 erledigt
2235 736 2319 796 ist

623 847 693 907 und
738 847 885 907 durch
929 845 1037 905 eine
1081 845 1464 905 nachträgliche
1509 843 1801 903 Erörterung
1846 841 2018 901 nichts
2062 838 2292 898 gewonnen

1073 896 1126 956 1

625 950 763 1010 wird.
802 949 1067 1009 Zwecklose
1111 947 1340 1007 Debatten
1384 946 1561 1006 dieser
1599 945 1681 1005 Art
1725 944 1858 1004 haben
1902 942 2105 1002 deshalb
2149 940 2288 1000 meine

639 1053 889 1113 Sympathie
938 1051 1111 1111 nicht.
1149 1049 1352 1109 Nachdem
1400 1049 1506 1109 aber
1544 1048 1660 1108 Herr
1698 1048 1843 1108 Frey,
1881 1046 1959 1106 den
2006 1045 2093 1105 wir
2132 1044 2181 1104 ja
2219 1042 2305 1102 als

616 1156 846 1216 Redaktor
885 1154 971 1214 der
1010 1153 1359 1213 Rheinquellen
1405 1151 1728 1211 vollständig
1774 1149 2096 1209 selbständig
2143 1145 2340 1205 lassen,

629 1258 696 1318 die
741 1258 971 1318 Cempagne
1016 1256 1246 1316 eröffnet
1292 1253 1403 1313 hat,
1440 1252 1552 1312 sehe
1589 1250 1678 1310 ich
1716 1249 1857 1309 nicht
1901 1247 2006 1307 ein,
2051 1246 2192 1306 warum
2237 1243 2311 1303 die

1155 1300 1246 1360 1110

1482 1301 1522 1361 29

624 1358 911 1418 Diskussion
957 1357 1098 1417 nicht
1138 1355 1458 1415 weitergehen
1504 1354 1645 1414 soll.
1685 1351 1952 1411 Ebenfalls
1991 1349 2099 1409 habe
2139 1348 2225 1408 ich
2266 1345 2432 1405 keinen

1780 1398 1948 1458 vo1n0

712 1405 1169 1465 sansiltnoanlodä

619 1462 794 1522 Grund,
838 1461 977 1521 jetzt
1013 1460 1276 1520 irgendwie
1320 1456 1730 1516 einzuschreiten
1773 1453 1890 1513 oder
1927 1450 2007 1510 dem
2051 1449 2278 1509 Vorständ
2321 1446 2401 1506 des

1535 1504 1712 1564 asbrey

1746 1504 1801 1564 ne

621 1564 826 1624 Vereins
868 1564 946 1624 für
988 1564 1059 1624 die
1109 1562 1406 1622 Schiffahrt
1442 1561 1527 1621 auf
1569 1559 1640 1619 dem
1690 1557 1951 1617 Oberrhein
1994 1554 2100 1614 eine
2143 1550 2404 1610 Interven-

755 1606 797 1666 oh
837 1603 1017 1663 Jedosa

630 1670 734 1730 tion
781 1667 1198 1727 enzuempfehlen.

1261 1705 1319 1765 13

934 1768 1071 1828 Wieso
1108 1768 1233 1828 Herr
1272 1766 1359 1826 Dr.
1396 1763 1571 1823 Speich
1609 1760 1658 1820 im
1697 1758 1846 1818 Namen
1896 1755 1984 1815 des
2008 1753 2346 1813 Bankvereins

1537 1810 1621 1870 nov
1662 1809 1835 1869 310Jn

706 1811 750 1871 15
785 1812 872 1872 194

617 1875 907 1935 eingreift,
953 1872 1034 1932 ist
1072 1870 1153 1930 mir
1189 1869 1335 1929 nicht
1381 1864 1708 1924 erfindlich.
1745 1858 2282 1918 Selbstverständlich
2327 1852 2399 1912 bin

1248 1915 1342 1975 olte
1386 1914 1563 1974 adoln

639 1916 685 1976 se

632 1975 713 2035 ich
754 1975 864 2035 sehr
891 1975 1041 2035 gerne
1082 1973 1138 2033 zu
1179 1971 1329 2031 einer
1356 1968 1658 2028 Aussprache
1698 1964 1781 2024 mit
1822 1961 1903 2021 ihm
1930 1958 2151 2018 bereit,
2191 1954 2301 2014 wenn
2328 1954 2410 2014 sie

627 2077 737 2137 eine
777 2075 953 2135 solche
995 2074 1036 2134 in
1076 2074 1158 2134 die
1199 2071 1308 2131 Wege
1348 2068 1526 2128 leiten
1566 2066 1771 2126 wollen.
1798 2063 1866 2123 Es
1894 2062 1988 2122 ist
2015 2059 2070 2119 ja
2111 2058 2220 2118 ganz
2260 2055 2412 2115 klar,

617 2177 734 2237 dass
774 2177 880 2237 sein
919 2176 1222 2236 Entschluss
1261 2172 1341 2232 nur
1380 2170 1473 2230 auf
1512 2166 1829 2226 einseitiger
1868 2158 2238 2218 Orientierung
2264 2153 2474 2213 beruhen

1388 2218 1472 2278 nes

808 2218 838 2278 10

661 2218 690 2278 in

635 2281 778 2341 kann.
803 2280 893 2340 Ich
933 2279 1114 2339 möchte
1152 2277 1450 2337 allerdings
1490 2273 1593 2333 dazu
1633 2270 1905 2330 bemerken,
1944 2265 2061 2325 dass
2099 2263 2176 2323 ich
2216 2259 2333 2319 mich
2371 2256 2461 2316 auf

1037 2314 1139 2374 soe

1165 2318 1238 2378 141

634 2383 733 2443 eine
771 2380 1107 2440 Unterredung
1144 2378 1193 2438 in
1232 2374 1505 2434 Gegenwart
1543 2371 1617 2431 von
1654 2368 1804 2428 Herrn
1841 2366 2115 2426 Groschupf
2152 2362 2301 2422 nicht
2340 2359 2451 2419 ein-

1516 2425 1630 2485 bna
1680 2425 1876 2485 LM.et
1917 2426 1999 2486 nov

638 2486 811 2546 lasse.

1099 2526 1266 2586 10d.

974 2528 1032 2588 11

943 2582 1086 2642 Falls
1126 2582 1204 2642 Sie
1243 2581 1322 2641 die
1361 2576 1753 2636 Angelegenheit
1792 2570 1831 2630 in
1871 2569 2040 2629 diesem
2093 2566 2236 2626 Sinne

1829 2627 1901 2687 103

679 2629 717 2689 le
793 2629 933 2689 eselb
976 2632 1117 2692 luse

630 2686 811 2746 weiter
844 2686 1111 2746 verfolgen
1143 2684 1357 2744 wollen,
1389 2681 1443 2741 so
1475 2680 1560 2740 bin
1602 2677 1689 2737 ich
1721 2674 1860 2734 Ihnen
1913 2671 2019 2731 sehr
2063 2666 2415 2726 verpflichtet

649 2732 683 2792 n
727 2735 933 2795 dolnbe

633 2793 715 2853 und
756 2791 868 2851 sehe
909 2787 1170 2847 eventuell
1211 2783 1350 2843 Ihren
1391 2779 1625 2839 weiteren
1666 2774 1983 2834 Nachrichten
2026 2770 2176 2830 gerne
2203 2768 2465 2828 entgegen.

1442 2872 1520 2932 Mit
1559 2869 1925 2929 vorzüglicher
1957 2861 2290 2921 Hochachtung

638 2923 937 2983 Beilagen.

1788 2922 1901 2982 „Ihr

1640 2992 2118 3052 ARasfard
