2656 3259
2038 287 2272 347 AUSERSTUS
2289 281 2304 341 a
2350 276 2445 336 112

1449 607 1635 667 Basel,
1677 609 1760 669 den
1808 610 1898 670 31.
1933 610 2023 670 Mai
2071 610 2223 670 1928.

940 856 1090 916 Herrn
1140 857 1225 917 Dr.
1261 856 1355 916 Max
1397 859 1648 919 Vischer.

1472 958 1554 1018 St.
1594 964 1934 1024 Albangraben
1974 965 2035 1025 8,

1791 1117 1826 1177 B
1861 1122 2122 1182 ASEL.

648 1313 768 1373 Sehr
807 1313 1054 1373 geehrter
1094 1318 1240 1378 Herr,

948 1414 1024 1474 Ich
1065 1414 1210 1474 danke
1253 1415 1390 1475 Ihnen
1439 1417 1522 1477 für
1564 1417 1646 1477 Ihr
1687 1418 1950 1478 Schreiben
1992 1420 2075 1480 vom
2116 1421 2289 1481 30.ds.

650 1514 726 1574 und
772 1514 848 1574 für
892 1516 969 1576 die
1007 1516 1154 1576 Kopie
1199 1517 1282 1577 des
1321 1519 1525 1579 Briefes
1570 1519 1646 1579 von
1684 1520 1832 1580 Herrn
1876 1520 1959 1580 Dr.
1997 1522 2201 1582 Speich,
2246 1522 2323 1582 mit

634 1616 836 1676 welchem
882 1616 960 1676 die
1006 1618 1397 1678 Angelegenheit
1443 1621 1521 1681 für
1566 1622 1645 1682 Sie
1684 1624 1919 1684 erledigt
1958 1624 2074 1684 ist.
2113 1624 2348 1684 Freilich

643 1718 870 1778 pflichte
912 1720 998 1780 ich
1040 1720 1182 1780 Ihnen
1225 1720 1331 1780 bei,
1374 1720 1488 1780 dass
1530 1721 1609 1781 Sie
1651 1723 1943 1783 berechtigt
1985 1724 2191 1784 gewesen
2233 1726 2403 1786 wären,

643 1819 751 1879 eine
795 1820 1220 1880 Entschuldigung
1264 1823 1315 1883 zu
1353 1823 1625 1883 erwarten.

942 1919 1018 1979 Was
1060 1921 1142 1981 nun
1183 1922 1266 1982 die
1313 1924 1542 1984 Stellung
1590 1924 1666 1984 des
1713 1924 1913 1984 Vereins
1960 1925 2043 1985 für
2084 1925 2160 1985 die
2208 1925 2372 1985 Schif-

636 2020 774 2080 fahrt
816 2020 901 2080 auf
943 2021 1015 2081 dem
1063 2021 1329 2081 Oberrhein
1377 2023 1673 2083 anbelangt,
1721 2024 1764 2084 so
1806 2024 1951 2084 werde
1993 2026 2077 2086 ich
2120 2026 2385 2086 vorläufig

641 2125 803 2185 nichts
847 2126 1206 2186 unternehmen,
1250 2126 1446 2186 sondern
1496 2126 1664 2186 sehen,
1709 2128 1754 2188 ob
1798 2128 1877 2188 die
1921 2128 2212 2188 geforderte
2257 2128 2459 2188 Berich-

638 2227 808 2287 tigung
851 2227 933 2287 uns
972 2227 1272 2287 eingesandt
1311 2227 1420 2287 wird
1469 2225 1579 2285 oder
1617 2227 1765 2287 nicht
1809 2227 1886 2287 und
1924 2227 2034 2287 dann
2077 2228 2346 2288 eventuell
2389 2229 2471 2289 auf

618 2326 698 2386 die
747 2327 883 2387 Sache
933 2326 1334 2386 zurückkommen.

931 2441 1012 2501 Mit
1054 2440 1228 2500 meinen
1281 2440 1696 2500 freundlichsten
1743 2440 1947 2500 Grüssen
1995 2440 2263 2500 verbleibe
2310 2440 2392 2500 ich

1637 2542 2136 2602 hochachtungsvoll

1789 2642 1890 2702 Ihr

1662 2761 2210 2821 Aarffarte
