2660 3613
1632 214 2180 274 G1918

2240 249 2300 309 138

965 260 1053 320 DIE
1100 259 1577 319 RHEINQUELLEN

240 301 277 361 i

1314 382 1390 442 rend
1417 382 1467 442 die
1488 382 1847 442 geschiebeführende
1869 377 2228 437 Querschnittsfläche
2261 377 2336 437 (Fa)

239 389 321 449 Abb.
347 389 363 449 3
399 388 616 448 dargestellte
653 386 850 446 Grundform
902 385 958 445 des
995 383 1259 443 geschiebefüh¬

1317 430 1376 490 nur
1401 430 1480 490 noch
1515 428 1624 488 wenig
1654 427 1788 487 grösser
1812 425 1916 485 wird.
1936 425 1991 485 Die
2020 424 2253 484 Umlagerung
2283 424 2337 484 der

235 437 358 497 1enden
389 434 673 494 Querschnittes.

1310 473 1523 533 Stromsohle
1565 472 1669 532 durch
1722 470 1773 530 die
1826 467 2209 527 Geschiebebewegung
2261 467 2337 527 wird

1318 520 1482 580 schroffer
1515 519 1578 579 und
1611 518 1760 578 erreicht
1784 517 1837 577 ihr
1866 515 2015 575 grösstes
2044 515 2135 575 Mass
2164 514 2332 574 ungefahr

1313 565 1363 625 bei
1378 565 1418 625 km
1457 565 1537 625 105.
1552 563 1632 623 Hier
1652 562 1761 622 bilden
1786 562 1850 622 sich
1881 560 1960 620 auch
1990 560 2035 620 die
2060 559 2194 619 tiefsten
2219 560 2344 620 Kolke,

1316 608 1415 668 denen
1447 607 1631 667 durchweg
1668 607 1754 667 hohe
1791 605 1984 665 Kiesbänke
2017 604 2323 664 gegenüberliegen

1317 652 1354 712 Fa
1388 652 1448 712 und
1482 652 1519 712 Fb
1552 652 1698 712 nehmen
1730 650 1778 710 bis
1801 650 1975 710 ungefähr
1999 649 2041 709 km
2088 647 2144 707 185
2172 646 2309 706 langsam

1317 699 1376 759 und
1406 698 1465 758 von
1495 698 1535 758 km
1579 697 1634 757 185
1659 696 1718 756 an,
1738 695 1782 755 wo
1812 694 1891 754 auch
1925 694 1980 754 der
2005 692 2336 752 durchschnittliche

691 715 771 775 Abb.
791 715 801 775 3

1322 742 1481 802 jährliche
1505 741 1582 801 Weg
1612 740 1669 800 der
1689 739 1993 799 Geschiebebänke
2017 737 2152 797 kleiner
2176 737 2273 797 wird,
2292 737 2336 797 ra¬

1322 788 1411 848 scher
1435 787 1491 847 ab.
1505 787 1562 847 Die
1590 785 1782 845 Kolktiefen
1815 784 1942 844 werden
1975 784 2031 844 von
2060 784 2097 844 km
2140 784 2196 844 105
2224 784 2257 844 an
2290 784 2323 844 ge

311 808 434 868 Vimmt
457 808 530 868 man
562 806 612 866 als
640 805 932 865 Vergleichsbasis
955 803 1028 863 eine
1056 803 1106 863 die
1133 802 1247 862 beider

1320 832 1439 892 ringer

232 853 366 913 seitigen
396 851 530 911 tiefsten
565 851 669 911 Kolke
699 850 932 910 verbindende
957 848 1176 908 gestrichelte
1206 845 1245 905 Ge

1386 886 1434 946 Die
1468 886 1729 946 Darstellungen
1768 884 1825 944 der
1854 883 1941 943 Abb.
1966 883 2000 943 4,
2024 882 2048 942 in
2082 881 2139 941 der
2169 881 2250 941 auch
2289 881 2337 941 die

241 898 315 958 rade
340 898 404 958 an,
424 897 508 957 dann
537 896 631 956 stellt
651 895 700 955 die
729 895 927 955 punktierte
956 893 1080 953 Fläche
1109 892 1262 952 denjeni-

1317 931 1603 991 Veränderungen
1635 931 1691 991 der
1715 929 1917 989 Höhenlage
1945 928 2001 988 der
2029 926 2123 986 Sohle
2151 926 2254 986 durch
2287 927 2334 987 die

233 943 283 1003 gen
319 942 396 1002 Teil
416 941 472 1001 des
503 940 768 1000 Querschnittes
793 940 870 1000 dar,
896 938 922 998 in
952 938 1013 998 dem
1059 936 1248 996 Geschiebe

1320 975 1515 1035 Korrektion
1542 976 1591 1036 als
1613 974 1883 1034 schematischer
1905 972 2181 1032 Längenschnitt
2203 970 2341 1030 wieder-

239 986 417 1046 bewegung
451 986 653 1046 überhaupt
672 983 889 1043 vorkommt,
913 980 1072 1040 während
1105 980 1163 1040 der
1197 980 1265 1040 Teil

1322 1023 1460 1083 gegeben
1497 1021 1592 1081 sind,
1619 1019 1725 1079 bieten
1762 1019 1810 1079 ein
1852 1018 2139 1078 übersichtliches
2171 1016 2240 1076 Bild
2282 1015 2335 1075 der

234 1032 394 1092 zwischen
428 1031 486 1091 der
515 1030 810 1090 Vergleichsbasis
840 1028 902 1088 und
932 1027 989 1087 der
1019 1025 1255 1085 schraffierten

1320 1067 1437 1127 ganzen
1470 1065 1872 1125 Geschiebebewegung.
1890 1064 1919 1124 In
1952 1063 2008 1123 der
2036 1061 2335 1121 Erosionsstrecke

245 1076 578 1136 Umhüllungskurve
611 1073 644 1133 an
681 1073 789 1133 dieser
822 1072 1014 1132 Bewegung
1047 1072 1145 1132 nicht
1169 1072 1239 1132 meh

1317 1111 1359 1171 ist
1382 1110 1438 1170 bei
1462 1109 1528 1169 nur
1560 1109 1691 1169 kleinem
1743 1108 1822 1168 Weg
1855 1108 1912 1168 der
1944 1106 2248 1166 Geschiebebänke
2281 1105 2338 1165 der

243 1121 440 1181 teilnimmt.
459 1120 503 1180 Er
527 1118 618 1178 stellt
642 1118 733 1178 einen
767 1117 974 1177 Kiesrücken
1008 1115 1084 1175 dar,
1103 1115 1161 1175 der
1190 1115 1252 1175 mit

1325 1154 1397 1214 leste
1431 1154 1513 1214 Kern
1546 1153 1858 1213 verhältnismässig
1892 1153 2002 1213 klein,
2022 1151 2080 1211 der
2108 1151 2238 1211 grösste
2272 1150 2343 1210 Teil

239 1166 281 1226 ten
319 1166 342 1226 im
389 1165 484 1225 Strom
530 1165 610 1225 liegt
639 1163 699 1223 und
733 1163 756 1223 in
789 1162 902 1222 seiner
930 1161 1099 1221 Richtung
1132 1160 1156 1220 im
1203 1160 1250 1220 we

1322 1200 1372 1260 des
1397 1199 1640 1259 Querschnitts
1666 1198 1711 1258 ist
1736 1196 2091 1256 geschiebeführend.
2111 1195 2177 1255 Der
2202 1195 2345 1255 Höhen¬

237 1211 420 1271 sentlichen
463 1210 523 1270 mit
556 1210 618 1270 der
655 1208 871 1268 Stromachse
909 1205 1248 1265 zusammenfallend

1320 1243 1531 1303 unterschied
1570 1243 1751 1303 innerhalb
1795 1243 1851 1303 des
1890 1241 2132 1301 Querschnitts
2170 1240 2334 1300 zwischen

237 1256 401 1316 gleichsam
455 1255 509 1315 als
549 1253 673 1313 «fester
708 1252 822 1312 Kern»
866 1250 921 1310 der
961 1250 1174 1310 Stromsohle
1219 1249 1248 1309 er

1324 1288 1396 1348 Kolk
1425 1288 1488 1348 und
1517 1288 1686 1348 Kiesbank
1710 1288 1850 1348 beträgt
1864 1285 2173 1345 durchschnittlich
2201 1284 2279 1344 7—8
2303 1283 2312 1343 m

243 1301 384 1361 scheint

1323 1333 1601 1393 Stromabwärts,
1620 1333 1665 1393 wo
1693 1332 1752 1392 das
1775 1331 1935 1391 oberhalb
1962 1330 2132 1390 erodierte
2159 1328 2341 1388 Geschiebe

307 1345 365 1405 Für
390 1345 448 1405 den
482 1343 559 1403 Teil
574 1343 632 1403 des
661 1342 832 1402 Stromes,
846 1342 870 1402 in
905 1340 1055 1400 welchem
1099 1339 1147 1399 die
1176 1339 1249 1399 Kies

1319 1379 1497 1439 gefördert
1515 1378 1642 1438 werden
1670 1378 1780 1438 muss,
1802 1377 1875 1437 wird
1903 1376 1967 1436 mit
1985 1376 2040 1436 der
2058 1375 2241 1435 rascheren
2273 1373 2342 1433 Tal¬

868 1387 929 1447 von
966 1386 1065 1446 Istein
1103 1385 1154 1445 bis
1187 1384 1257 1444 Det

793 1386 808 1446 —

247 1390 549 1450 bankwanderung
582 1388 787 1448 vorkommt

1326 1423 1609 1483 wärtsbewegung
1641 1421 1700 1481 der
1728 1421 2030 1481 Geschiebebänke
2062 1420 2121 1480 der
2149 1420 2263 1480 Anteil
2286 1420 2345 1480 des

490 1432 597 1492 wurde
628 1433 654 1493 in
690 1432 886 1492 einzelnen,
908 1430 966 1490 der
997 1429 1233 1489 Uebereinstim

410 1435 420 1495 —

255 1436 383 1496 enheim

1324 1465 1419 1525 festen
1456 1468 1584 1528 Kernes
1611 1467 1766 1527 grösser,
1789 1466 1835 1526 die
1871 1465 2086 1525 Stromkraft
2109 1463 2191 1523 wird
2223 1463 2251 1523 in
2287 1464 2342 1524 der

238 1480 336 1540 mung
367 1481 474 1541 wegen
510 1479 697 1539 möglichst
715 1478 742 1538 in
773 1477 831 1537 der
858 1475 1009 1535 Geraden
1040 1475 1121 1535 oder
1147 1476 1210 1536 nur
1232 1477 1259 1537 in

1321 1513 1382 1573 sich
1424 1513 1555 1573 nahezu
1597 1511 1912 1571 gleichbleibenden
1958 1508 2333 1568 geschiebeführenden

247 1525 438 1585 schwacher
465 1525 679 1585 Krümmung
707 1523 880 1583 liegenden
912 1520 1181 1580 Stromstrecken
1212 1520 1262 1580 die

1325 1556 1441 1616 Fläche
1463 1558 1521 1618 zur
1547 1556 1813 1616 Fortbewegung
1844 1555 1898 1615 der
1920 1553 2239 1613 Geschiebemassen
2270 1553 2328 1613 auf

250 1571 359 1631 Grösse
388 1570 447 1630 der
473 1569 848 1629 geschiebeführenden
882 1567 1005 1627 Fläche
1035 1567 1075 1627 Fa
1109 1565 1169 1625 und
1203 1564 1267 1624 die¬

1321 1601 1521 1661 gebraucht.
1558 1601 1622 1661 Der
1663 1600 1887 1660 Unterschied
1927 1598 2096 1658 zwischen
2146 1597 2223 1657 Kolk
2274 1597 2337 1657 und

246 1616 349 1676 jenige
375 1615 433 1675 des
453 1613 557 1673 festen
592 1613 720 1673 Kernes
739 1613 784 1673 Fb
814 1613 892 1673 nach
922 1612 981 1672 den
1010 1610 1252 1670 Querschnitts

1328 1646 1487 1706 Kiesbank
1519 1646 1560 1706 ist
1583 1645 1734 1705 grösser.
1756 1644 1934 1704 Ungefähr
1957 1643 2016 1703 bei
2035 1642 2076 1702 km
2116 1642 2176 1702 210
2208 1642 2335 1702 werder

238 1660 446 1720 aufnahmen
483 1658 677 1718 berechnet
705 1658 766 1718 und
800 1657 828 1717 in
865 1657 960 1717 Abb.
978 1657 998 1717 4
1031 1655 1262 1715 zeichnerisch

1316 1690 1405 1750 diese
1445 1690 1690 1750 Unterschiede
1725 1690 1850 1750 wieder
1880 1688 2036 1748 geringer
2072 1688 2134 1748 und
2169 1687 2232 1747 der
2263 1687 2343 1747 feste

243 1705 451 1765 dargestellt,
479 1703 596 1763 wobei
620 1703 683 1763 auf
712 1702 770 1762 der
803 1702 958 1762 Abszisse
997 1700 1045 1760 die
1084 1699 1267 1759 Kilometer

1327 1735 1402 1795 Kern
1446 1736 1509 1796 hat
1535 1736 1668 1796 nahezu
1704 1736 1766 1796 den
1806 1735 1956 1795 gleichen
1997 1733 2112 1793 Anteil
2143 1732 2178 1792 am
2236 1732 2329 1792 Quer

242 1750 295 1810 des
322 1750 473 1810 Stromes
495 1748 717 1808 aufgetragen
748 1748 841 1808 sind.
864 1747 1006 1807 Hieraus
1032 1747 1116 1807 geht
1134 1745 1272 1805 hervor,

1321 1780 1452 1840 schnitt
1468 1781 1527 1841 wie
1552 1781 1577 1841 in
1607 1780 1662 1840 der
1687 1778 2008 1838 Erosionsstrecke.

248 1793 318 1853 dass
346 1793 393 1853 die
426 1792 782 1852 geschiebeführende
810 1790 932 1850 Fläche
965 1790 1026 1850 und
1064 1789 1110 1849 die
1143 1789 1265 1849 Fläche

1390 1832 1443 1892 Die
1475 1832 1782 1892 Untersuchungen
1813 1832 1893 1892 über
1920 1832 1978 1892 das
2005 1831 2173 1891 Wandern
2209 1831 2262 1891 der
2289 1831 2329 1891 Ge

250 1837 297 1897 des
323 1838 426 1898 festen
461 1837 568 1897 Kerns
595 1837 857 1897 stromabwärts
883 1835 1016 1895 grösser
1046 1834 1198 1894 werden,
1219 1834 1266 1894 bis

1322 1880 1568 1940 schiebebänke
1603 1879 1711 1939 haben
1745 1879 1811 1939 sich
1849 1879 1875 1939 in
1914 1878 1970 1938 der
2005 1877 2139 1937 Strecke
2174 1877 2338 1937 zwischen

244 1883 408 1943 ungefähr
446 1882 488 1942 km
540 1882 577 1942 55
620 1882 823 1942 (Breisach)
855 1882 883 1942 in
926 1880 1058 1940 nahezu
1100 1880 1250 1940 gleichen

1326 1923 1408 1983 Kehl
1429 1924 1490 1984 und
1520 1925 1753 1985 Sondernheim
1797 1924 1861 1984 nur
1887 1922 1935 1982 bis
1956 1922 2017 1982 zum
2064 1921 2163 1981 Jahre
2193 1921 2271 1981 1906
2297 1922 2327 1982 er

248 1928 350 1988 Mass:
364 1928 422 1988 das
448 1927 639 1987 Verhältnis
666 1925 773 1985 Fa/Fb
799 1925 843 1985 ist
862 1924 986 1984 nahezu
1017 1924 1186 1984 konstant
1204 1925 1266 1985 und

1327 1969 1460 2029 streckt.
1486 1969 1542 2029 Die
1572 1969 1603 2029 im
1650 1969 1754 2029 Jahre
1788 1967 1870 2027 1907
1896 1966 2099 2026 begonnene
2133 1966 2331 2026 Niederwas

246 1973 331 2033 stellt
357 1972 464 2032 daher
495 1972 713 2032 angenähert
740 1970 811 2030 eine
846 1969 1069 2029 Horizontale
1095 1969 1175 2029 dar.
1202 1970 1264 2030 Von

1321 2014 1591 2074 serregulierung
1622 2012 1684 2072 hat
1702 2012 1804 2072 durch
1839 2011 1888 2071 die
1919 2011 2119 2071 Festlegung
2150 2011 2243 2071 einer
2269 2012 2345 2072 Nie¬

247 2017 315 2077 hier
338 2017 397 2077 an,
420 2017 465 2077 wo
497 2017 548 2077 die
579 2015 716 2075 Erosion
748 2014 907 2074 geringer
935 2014 1035 2074 wird,
1062 2014 1117 2074 der
1144 2014 1244 2074 durch

1325 2057 1609 2117 derwasserrinne
1639 2057 1687 2117 die
1717 2056 1932 2116 Wanderung
1962 2056 2019 2116 der
2040 2056 2341 2116 Geschiebebänke

243 2063 458 2123 schnittliche
486 2062 656 2122 jährliche
688 2060 768 2120 Weg
801 2059 857 2119 der
890 2057 1191 2117 Geschiebebänke
1228 2059 1271 2119 je¬

1323 2104 1557 2164 unterbunden
1603 2102 1666 2162 und
1712 2102 1762 2162 die
1808 2102 2185 2162 Abflussquerschnitte
2231 2102 2327 2162 umge

251 2107 321 2167 doch
355 2108 485 2168 nahezu
514 2107 581 2167 sein
614 2105 760 2165 grösstes
790 2104 882 2164 Mass
907 2104 1057 2164 erreicht
1079 2104 1154 2164 hat,
1170 2105 1275 2165 steigt

1327 2147 1463 2207 staltet.

243 2152 288 2212 die
321 2150 439 2210 Grösse
467 2150 526 2210 des
549 2150 655 2210 festen
687 2149 820 2209 Kernes
847 2149 934 2209 (Fb)
957 2149 1076 2209 scharf
1099 2149 1159 2209 an,
1181 2148 1250 2208 wäh

1138 2273 1914 2333 Personenschiffahrt
1955 2273 2003 2333 in
2052 2272 2278 2332 Basel

315 2277 830 2337 Aenderungen
881 2276 932 2336 in
991 2275 1099 2335 der

1326 2383 1447 2443 zitierten
1478 2381 1584 2441 Briefen
1615 2380 1683 2440 geht
1702 2380 1820 2440 hervor,
1839 2378 1903 2438 dass
1927 2378 1968 2438 die
1998 2378 2116 2438 Absicht
2139 2378 2166 2438 zu
2196 2378 2272 2438 einer
2299 2379 2333 2439 Be

322 2381 372 2441 Wir
389 2383 496 2443 werden
521 2383 549 2443 um
585 2383 744 2443 Aufnahme
766 2381 915 2441 folgender
933 2381 1121 2441 Einsendung
1142 2382 1277 2442 ersucht:

1336 2417 1627 2477 riebsgemeinschaft
1643 2416 1801 2476 unserseits
1820 2414 1965 2474 durchaus
1985 2414 2064 2474 loyal
2080 2414 2150 2474 war.
2170 2413 2225 2473 Wir
2245 2413 2335 2473 schrie

314 2429 335 2489 In
367 2428 424 2488 No.
442 2428 456 2488 4
485 2428 563 2488 Ihrer
588 2427 760 2487 Zeitschrift
781 2426 895 2486 machen
931 2426 970 2486 Sie
998 2426 1020 2486 in
1052 2425 1131 2485 einem
1173 2425 1273 2485 redak¬

1322 2453 1368 2513 ben
1402 2453 1421 2513 in
1459 2453 1558 2513 unserm
1604 2452 1684 2512 Brief
1707 2452 1757 2512 vom
1802 2452 1848 2512 16.
1867 2450 1997 2510 Februar
2028 2450 2093 2510 1926
2123 2449 2153 2509 an
2188 2449 2237 2509 den
2276 2449 2336 2509 Vize

246 2467 345 2527 tionell
367 2465 566 2525 gezeichneten
598 2464 712 2524 Artikel
733 2464 864 2524 Angaben
896 2462 964 2522 über
992 2462 1035 2522 die
1063 2462 1269 2522 Aenderungen

1322 2488 1502 2548 Präsidenten
1532 2488 1580 2548 der
1606 2486 2126 2546 Personenschiffahrtsgesellschaft,
2144 2485 2210 2545 dass
2236 2485 2284 2545 wir
2306 2486 2343 2546 ein

246 2501 264 2561 in
296 2501 342 2561 der
370 2500 672 2560 Personenschiffahrt
696 2498 1023 2558 Basel—Rheinfelden,
1044 2498 1087 2558 die
1115 2500 1271 2560 unrichtige

1321 2525 1392 2585 Boot
1412 2525 1432 2585 in
1459 2525 1574 2585 Auftrag
1597 2524 1716 2584 gegeben
1744 2523 1854 2583 hätten,
1873 2522 1925 2582 und
1949 2522 1996 2582 das
2020 2521 2095 2581 Boot
2110 2521 2178 2581 dazu
2205 2521 2351 2581 bestimmt

247 2537 457 2597 Darstellungen
496 2536 660 2596 enthalten,
692 2536 731 2596 die
767 2534 902 2594 geeignet
935 2534 1042 2594 wären,
1073 2534 1173 2594 unserm
1223 2536 1277 2596 An¬

1326 2563 1376 2623 sei,
1394 2561 1589 2621 Kanalschiffe
1615 2560 1642 2620 zu
1672 2560 1893 2620 verschleppen,
1911 2558 1976 2618 dass
1999 2558 2026 2618 es
2052 2558 2117 2618 aber
2143 2557 2295 2617 nebenbei,
2314 2557 2345 2617 da

252 2573 328 2633 sehen
354 2573 384 2633 zu
414 2572 560 2632 schaden.

1321 2599 1363 2659 wir
1386 2598 1443 2658 eine
1470 2596 1795 2656 Erwerbsgesellschaft
1811 2594 1902 2654 seien,
1918 2594 1937 2654 im
1975 2593 2262 2653 Personengeschäft
2281 2593 2342 2653 Gele

319 2608 356 2668 Sie
378 2609 540 2669 behaupten
566 2608 588 2668 in
618 2608 695 2668 Ihrem
732 2606 857 2666 Artikel,
876 2605 913 2665 die
942 2605 1263 2665 Personenschiffahris

1331 2633 1470 2693 verdienen
1502 2632 1614 2692 müsse.
1638 2632 1696 2692 Wir
1724 2630 1871 2690 schrieben
1903 2629 1975 2689 dann
2007 2629 2132 2689 wörtlich

255 2645 429 2705 gesellschaft
458 2645 529 2705 habe
561 2644 611 2704 uns
642 2644 667 2704 im
710 2642 795 2702 Jahre
827 2642 891 2702 1927
927 2642 984 2702 eine
1020 2641 1276 2701 Betriebsgemein¬

1432 2671 1488 2731 ....
1513 2669 1570 2729 Wir
1590 2668 1651 2728 sind
1675 2668 1728 2728 nun
1757 2665 2026 2725 natürlicherweise
2050 2663 2091 2723 als
2115 2663 2339 2723 Erwerbsgesell

246 2681 339 2741 schaft
360 2681 503 2741 offeriert,
521 2680 560 2740 die
589 2680 685 2740 jedoch
714 2678 839 2738 dadurch
868 2677 1043 2737 gescheitert
1067 2677 1118 2737 sei,
1139 2678 1203 2738 dass
1228 2678 1278 2738 wir

1357 2705 1453 2765 schaft
1468 2704 1575 2764 darauf
1594 2702 1793 2762 angewiesen,
1812 2702 1865 2762 mit
1884 2701 1934 2761 dem
1972 2701 2049 2761 Boot
2064 2701 2221 2761 möglichst
2243 2701 2297 2761 viel
2320 2701 2346 2761 zu

255 2716 368 2776 schroffe
397 2716 446 2776 und
478 2716 716 2776 unannehmbare
744 2714 947 2774 Bedingungen
979 2713 1092 2773 gestellt
1113 2714 1224 2774 haben.
1245 2714 1266 2774 Ir

1357 2741 1526 2801 verdienen.
1545 2740 1581 2800 Da
1607 2740 1648 2800 die
1677 2739 1773 2799 Basler
1795 2737 2303 2797 Personenschiffahrtsgesellschaft
2325 2737 2343 2797 in

247 2752 338 2812 dieser
365 2752 433 2812 Form
471 2752 509 2812 ist
532 2752 608 2812 diese
638 2750 798 2810 Mitteilung
829 2750 931 2810 falsch.
954 2750 1011 2810 Wir
1037 2750 1151 2810 zitieren
1186 2749 1269 2809 Ihner

1370 2777 1406 2837 der
1425 2777 1550 2837 gleichen
1580 2776 1650 2836 Lage
1672 2776 1720 2836 ist,
1734 2774 1760 2834 so
1786 2774 1860 2834 wäre
1882 2774 1911 2834 zu
1937 2773 2143 2833 untersuchen,
2162 2773 2191 2833 ob
2213 2773 2294 2833 nicht
2313 2773 2335 2833 im

256 2789 334 2849 einige
370 2788 458 2848 Briefe
494 2788 543 2848 aus
579 2787 696 2847 unserer
728 2786 785 2846 mit
813 2785 863 2845 der
898 2785 994 2845 Basler
1026 2785 1264 2845 Personenschiff

1361 2812 1855 2872 Personenbeförderungsgeschäft
1876 2810 1916 2870 ein
1944 2809 2246 2869 Zusammenarbeiten
2278 2809 2353 2869 mög¬

250 2824 527 2884 fahrtsgesellschaft
548 2822 694 2882 geführten
722 2822 978 2882 Korrespondenz,
996 2821 1028 2881 um
1067 2821 1149 2881 Ihnen
1177 2821 1206 2881 zu
1231 2822 1262 2882 be

1365 2848 1407 2908 lich
1438 2849 1488 2909 und
1519 2848 1565 2908 für
1588 2848 1668 2908 beide
1695 2846 1768 2906 Teile
1795 2845 1917 2905 nützlich
1944 2845 2033 2905 wäre.

250 2860 364 2920 weisen,
385 2861 450 2921 dass
474 2861 535 2921 Ihre
564 2861 782 2921 Darstellungen
814 2860 953 2920 unrichtig
982 2858 1042 2918 sind

1438 2884 1487 2944 Wir
1522 2884 1610 2944 haben
1651 2882 1709 2942 eine
1747 2882 2113 2942 Geschäftsorganisation,
2140 2881 2186 2941 die
2220 2880 2269 2940 auf
2304 2879 2350 2939 dat

322 2905 352 2965 Am
390 2905 436 2965 10.
448 2904 574 2964 Februar
596 2903 676 2963 1926,
695 2902 745 2962 dem
783 2902 901 2962 Datum,
920 2902 947 2962 an
978 2901 1027 2961 dem
1069 2900 1118 2960 wir
1141 2900 1191 2960 das
1214 2900 1278 2960 Die¬

1359 2920 1665 2980 Schiffahrtsgeschäft
1685 2918 1898 2978 zugeschnitten
1926 2917 1975 2977 ist.
1996 2915 2041 2975 Die
2069 2915 2339 2975 Personenbeförde

246 2941 357 3001 selboot
386 2939 494 2999 «Vogel
520 2938 620 2998 Gryff»
649 2938 701 2998 bei
727 2937 775 2997 der
812 2936 904 2996 Werft
931 2936 1097 2996 bestellten,
1127 2936 1271 2996 schrieben

1363 2957 1426 3017 rung
1450 2956 1517 3016 wird
1544 2956 1563 3016 im
1603 2954 1733 3014 Sommer
1752 2954 1799 3014 von
1827 2953 1902 3013 einer
1925 2952 2082 3012 besondern
2110 2951 2354 3011 Geschäftsabtei¬

256 2975 296 3035 wir
326 2975 356 3035 an
396 2975 436 3035 die
469 2975 616 3035 Direktion
653 2974 705 3034 der
734 2974 981 3034 Internationalen
1017 2972 1198 3032 Ausstellung
1234 2972 1275 3032 für

1365 2993 1421 3053 lung
1445 2992 1668 3052 übernommen.
1681 2990 1737 3050 Das
1757 2990 1907 3050 Personal,
1923 2989 1972 3049 das
1993 2989 2041 3049 wir
2061 2989 2106 3049 für
2122 2989 2220 3049 unsere
2244 2987 2349 3047 Schiffe

250 3013 516 3073 Binnenschiffahrt
542 3012 594 3072 und
630 3011 956 3071 Wasserkraftnutzung
989 3010 1018 3070 u.
1030 3010 1055 3070 a.
1085 3010 1247 3070 folgendes:

1357 3029 1539 3089 engagieren,
1571 3028 1636 3088 wird
1675 3026 1962 3086 selbstverständlich
2001 3025 2052 3085 von
2091 3026 2145 3086 uns
2181 3026 2231 3086 das
2267 3026 2352 3086 ganze

366 3058 414 3118 ...
447 3056 524 3116 Falls
558 3055 602 3115 die
638 3053 1155 3113 Personenschiffahrtsgesellschaft
1184 3055 1280 3115 damit

1358 3065 1422 3125 Jahr
1447 3064 1576 3124 benötigt
1597 3064 1648 3124 und
1676 3062 1884 3122 entsprechend
1909 3061 2063 3121 angestellt
2081 3061 2210 3121 werden.
2228 3061 2256 3121 Je
2282 3062 2346 3122 nach

286 3092 499 3152 einverstanden
528 3092 574 3152 ist,
592 3092 705 3152 würden
734 3091 781 3151 wir
802 3091 855 3151 mit
873 3091 915 3151 ihr
937 3091 1005 3151 über
1030 3089 1065 3149 ein
1094 3089 1279 3149 Zusammen¬

1358 3101 1402 3161 der
1432 3100 1495 3160 Art,
1521 3100 1543 3160 in
1577 3098 1625 3158 der
1658 3098 1695 3158 ein
1732 3098 2036 3158 Zusammenarbeiten
2070 3097 2248 3157 organisiert
2274 3097 2356 3157 wird.

288 3130 406 3190 arbeiten
439 3128 491 3188 der
520 3127 745 3187 «Rheinfelden»
778 3127 829 3187 mit
855 3127 958 3187 unserm
1002 3127 1091 3187 neuen
1128 3127 1201 3187 Boot
1227 3125 1283 3185 Ab¬

1363 3136 1418 3196 sind
1447 3136 1499 3196 wir
1525 3134 1605 3194 unter
1635 3134 1804 3194 Umständen
1837 3134 1903 3194 auch
1936 3133 1958 3193 in
1988 3133 2039 3193 der
2069 3133 2153 3193 Lage,
2175 3132 2223 3192 das
2253 3131 2352 3191 Perso¬

281 3166 463 3226 machungen
491 3163 630 3223 treffen.»

1359 3172 1407 3232 nal
1430 3170 1477 3230 der
1505 3170 1730 3230 «Rheinfelden»
1757 3169 1808 3229 das
1832 3169 1919 3229 ganze
1950 3169 2017 3229 Jahr
2045 3169 2112 3229 über
2140 3168 2167 3228 zu
2198 3167 2353 3227 beschäfti¬

1356 3208 1420 3268 gen.
1440 3207 1507 3267 Dies
1535 3206 1606 3266 wäre
1634 3205 1777 3265 natürlich
1808 3205 1876 3265 auch
1908 3205 1967 3265 für.
1980 3205 2023 3265 die
2050 3203 2360 3263 Personenschiffahrt

322 3209 352 3269 Es
375 3209 444 3269 geht
459 3208 566 3268 daraus
585 3206 704 3266 hervor,
719 3205 784 3265 dass
807 3205 853 3265 der
879 3205 956 3265 Wille
982 3205 1009 3265 zu
1036 3205 1116 3265 einer
1139 3206 1281 3266 Betriebs¬

1368 3244 1402 3304 ein
1432 3245 1500 3305 sehr
1523 3242 1639 3302 grosser
1670 3242 1790 3302 Vorteil.

252 3245 462 3305 gemeinschaft
484 3245 535 3305 von
569 3244 621 3304 uns
650 3244 849 3304 ausgegangen
882 3244 930 3304 ist.
956 3245 1011 3305 Aus
1040 3245 1088 3305 den
1125 3244 1272 3304 folgenden

2343 181 2438 241 44
