2675 3614
328 248 399 308 140

1041 253 1127 313 DIE
1174 254 1653 314 RHEINQUELLEN

424 367 470 427 Wir
495 369 610 429 wenden
642 370 692 430 uns
717 370 750 430 an
778 370 835 430 Sie,
857 370 886 430 um
925 368 975 428 von
1003 368 1089 428 Ihnen
1122 368 1147 428 zu
1179 368 1283 428 hören,
1304 369 1332 429 ob

1380 369 1464 429 setzen
1497 370 1601 430 werde,
1619 370 1686 430 dass
1708 370 1737 430 er
1759 370 1811 430 uns
1833 370 1900 430 aber
1922 370 2069 430 immerhin
2098 371 2172 431 jetzt
2191 371 2271 431 schon
2301 373 2408 433 darauf

340 406 384 466 die
429 407 941 467 Personenschiffahrtsgesellschaft
981 406 1191 466 grundsätzlich
1242 404 1334 464 bereit

1382 407 1559 467 aufmerksam
1602 406 1720 466 mache,
1741 406 1805 466 dass
1837 406 1880 466 die
1912 407 2112 467 Widerstände
2144 409 2254 469 grösser
2286 409 2311 469 zu
2347 410 2400 470 sein

353 443 428 503 väre,
446 442 466 502 in
493 441 675 501 irgendeiner
696 440 765 500 Form
803 440 854 500 mit
874 440 926 500 uns
950 440 1112 500 zusammen
1139 440 1167 500 zu
1194 440 1317 500 arbeiten

1394 443 1530 503 cheinen,
1551 443 1592 503 als
1617 443 1645 503 er
1672 443 1770 503 bisher
1798 443 1927 503 glaubte.

346 478 424 538 Sollte
449 478 508 538 dies
530 476 582 536 der
604 476 667 536 Fall
685 476 759 536 sein,
777 476 803 536 so
829 476 943 536 würden
973 476 1116 536 vielleicht
1138 475 1315 535 Besprechun

1457 481 1591 541 Während
1623 482 1717 542 dieser
1745 481 2001 541 Verhandlungen,
2025 481 2072 541 aus
2100 481 2186 541 denen
2218 481 2269 541 zur
2293 482 2408 542 Genüge

343 515 385 575 gen
414 515 460 575 zur
481 514 642 574 Abklärung
666 514 716 574 der
738 512 805 572 Form
841 512 890 572 des
911 512 1231 572 Zusammenarbeitens
1253 514 1331 574 statt¬

1385 517 1564 577 hervorgeht,
1587 518 1653 578 dass
1680 518 1711 578 es
1739 518 1790 578 uns
1821 517 1965 577 durchaus
1993 517 2082 577 darum
2127 517 2154 577 zu
2185 518 2230 578 tun
2264 520 2336 580 war,
2360 520 2412 580 mit

347 548 465 608 finden.

1383 554 1425 614 der
1447 553 1955 613 Personenschiffahrtsgesellschaft
1972 553 2026 613 auf
2040 553 2225 613 anständiger
2246 554 2324 614 Basis
2345 553 2402 613 eine

385 584 411 644 Am
451 583 481 643 4.
488 583 565 643 März
595 581 657 641 1926
687 581 779 641 teilten
816 581 864 641 wir
890 580 941 640 dem
985 581 1251 641 Vize-Präsidenten
1284 583 1331 643 der

1382 587 1723 647 Betriebsgemeinschaft
1752 587 2015 647 herbeizuführen,
2044 587 2136 647 führte
2176 589 2222 649 der
2257 589 2389 649 Präsiden

314 619 820 679 Personenschiffahrtsgesellschaft
848 620 898 680 mit

1384 625 1426 685 der
1451 623 1962 683 Personenschiffahrtsgesellschaft
1983 623 2256 683 Unterhandlungen
2285 625 2338 685 mit
2355 625 2405 685 der

431 658 487 718 Wir
512 659 573 719 sind
598 659 648 719 der
673 659 805 719 Ansicht,
823 658 887 718 dass
908 658 937 718 es
962 658 987 718 im
1026 658 1165 718 Interesse
1190 658 1258 718 aller
1286 658 1333 718 Be¬

1379 659 1535 719 Schweizer
1553 659 2093 719 Schleppschiffahrtsgenossenschaft
2118 658 2186 718 über
2211 658 2250 718 die
2268 659 2407 719 Indienst¬

343 695 461 755 teiligten
488 694 568 754 liegt,
590 694 667 754 wenn
693 694 735 754 die
762 694 857 754 beiden
891 694 994 754 Schiffe
1021 694 1128 754 «Vogel
1147 694 1246 754 Gryff»
1276 694 1325 754 und

1385 697 1499 757 stellung
1520 695 1598 755 eines
1616 695 1729 755 zweiten
1758 694 1871 754 Bootes.
1889 694 2046 754 Ausserdem
2081 694 2177 754 kaufte
2198 695 2227 755 er
2244 695 2294 755 das
2319 695 2397 755 Schif

355 730 565 790 Rheinfelden»
590 730 721 790 während
743 730 793 790 der
814 730 1055 790 Internationalen
1084 731 1262 791 Ausstellung
1287 730 1330 790 für

1394 731 1561 791 Albatros»,
1578 731 1646 791 alles
1668 731 1689 791 in
1717 731 1767 791 der
1792 731 1920 791 Absicht,
1942 731 1992 791 uns
2013 730 2106 790 damit
2127 731 2177 791 aus
2202 731 2248 791 dem
2287 731 2348 791 Feld
2376 733 2401 793 zu

344 766 608 826 Binnenschiffahrt
629 766 679 826 und
711 766 1033 826 Wasserkraftnutzung
1058 767 1080 827 in
1108 767 1191 827 Basel
1208 767 1315 827 gemein

1384 769 1538 829 schlagen.

356 802 384 862 am
428 802 569 862 betrieben
603 802 730 862 werden.
754 802 809 862 Nur
836 802 877 862 ein
908 803 1117 863 gemeinsamer
1148 803 1254 863 Betrieb
1288 802 1316 862 ei

1457 805 1581 865 Nachdem
1628 806 1671 866 die
1706 805 1756 865 von
1795 805 1845 865 uns
1877 805 2031 865 angeregte
2066 806 2408 866 Betriebsgemeinschaft

341 839 419 899 laubt
448 838 633 898 Ausnützung
674 838 741 898 aller
778 838 1175 898 Verdienstmöglichkeiten,
1208 839 1248 899 die
1286 839 1327 899 für

1384 842 1426 902 von
1466 841 1515 901 der
1555 841 2067 901 Personenschiffahrtsgesellschaft
2099 843 2256 903 abgelehnt
2291 844 2401 904 worden

337 874 376 934 die
408 872 508 932 beiden
547 872 798 932 Personenschiffe
830 874 923 934 dieses
955 874 1026 934 Jahr
1058 874 1223 934 vorhanden
1258 872 1315 932 sind

1387 877 1435 937 war
1462 877 1514 937 und
1541 878 1671 938 nachdem
1712 878 1760 938 wir
1784 878 1808 938 ja
1839 878 1941 938 vorher
1969 878 2167 938 ausdrücklich
2199 878 2274 938 diese
2305 878 2408 938 Gesell¬

353 908 399 968 Wir
424 908 574 968 erwähnen
602 908 656 968 nur
677 908 720 968 die
745 908 859 968 grossen
891 908 1029 968 Vorteile,
1047 908 1090 968 die
1118 908 1197 968 beide
1225 910 1328 970 Schiffe

1381 914 1473 974 schaft
1496 913 1549 973 auf
1572 913 1671 973 unsere
1701 913 1856 973 eventuelle
1889 914 2180 974 Konkurrenzierung
2209 914 2391 974 aufmerksan

343 943 442 1003 daraus
470 944 583 1004 ziehen,
607 944 672 1004 dass
700 944 737 1004 sie
768 944 950 1004 gelegentlich
984 944 1190 1004 ausgetauscht
1217 943 1324 1003 werden

1375 949 1506 1009 gemacht
1530 949 1644 1009 hatten,
1668 949 1761 1009 hatten
1799 949 1848 1009 wir
1875 949 2013 1009 natürlich
2051 949 2110 1009 kein
2148 950 2285 1010 Interesse
2317 950 2396 1010 mehr

344 980 469 1040 können,
491 980 513 1040 je
543 980 617 1040 nach
646 980 698 1040 der
727 980 856 1040 Eignung
886 980 934 1040 der
963 980 1067 1040 Schiffe
1100 980 1140 1040 für
1170 980 1328 1040 besondere

1385 985 1474 1045 weiter
1498 985 1529 1045 an
1556 985 1631 1045 diese
1659 986 1854 1046 Gesellschaft
1875 986 1903 1046 zu
1930 986 2063 1046 gelangen
2098 986 2146 1046 und
2173 986 2296 1046 nahmen
2328 985 2392 1045 eben

346 1016 479 1076 Fahrten,
498 1016 544 1076 zum
586 1016 712 1076 Beispiel
735 1016 964 1076 Hafenfahrten,
983 1016 1101 1076 Fahrten
1132 1016 1200 1076 nach
1231 1016 1315 1076 Rhein

1391 1021 1426 1081 vie
1458 1022 1675 1082 vorausgesagt,
1697 1022 1739 1082 die
1775 1022 1960 1082 Konkurrenz
1991 1021 2056 1081 auf.
2077 1021 2127 1081 Die
2159 1021 2397 1081 Personenschiff

346 1052 449 1112 felden,
467 1052 610 1112 eventuell
631 1052 699 1112 auch
720 1052 838 1112 Fahrten
866 1052 934 1112 nach
955 1052 1134 1112 Strassburg.
1155 1052 1202 1112 Die
1219 1052 1319 1112 Werbe

1385 1057 1662 1117 fahrtsgesellschaft
1676 1058 1751 1118 hatte
1776 1058 1798 1118 in
1826 1058 1872 1118 der
1894 1058 1975 1118 Folge
2000 1058 2167 1118 ungünstige
2192 1058 2320 1118 Bilanzen
2349 1058 2406 1118 auf¬

344 1088 482 1148 tätigkeit,
503 1088 546 1148 sei
567 1088 596 1148 es
620 1087 705 1147 durch
734 1087 869 1147 Reklame
897 1087 965 1147 oder
990 1088 1071 1148 durch
1107 1088 1323 1148 Abmachungen

1379 1091 1514 1151 zuweisen
1547 1091 1596 1151 und
1626 1091 1655 1151 es
1682 1091 1794 1151 wurden
1827 1091 1932 1151 seitens
1958 1093 2034 1153 ihres
2064 1093 2245 1153 Präsidenten
2278 1093 2331 1153 mit
2357 1093 2384 1153 un

343 1124 393 1184 mit
414 1124 464 1184 der
489 1124 667 1184 Ausstellung
699 1124 749 1184 und
781 1124 834 1184 mit
852 1124 902 1184 der
930 1124 1076 1184 Abteilung
1105 1124 1147 1184 für
1172 1124 1333 1184 Personen¬

1377 1127 1434 1187 serm
1477 1127 1661 1187 Präsidenten
1693 1127 1764 1187 neue
1793 1128 2031 1188 Verhandlungen
2063 1129 2251 1189 anzubahnen
2283 1129 2401 1189 gesucht

353 1159 460 1219 terkehr
486 1160 536 1220 der
559 1160 616 1220 SBB
651 1160 716 1220 über
738 1160 929 1220 kombinierte
959 1160 1059 1220 Karten
1093 1160 1135 1220 für
1162 1160 1280 1220 Eintritt
1303 1162 1325 1222 in

1385 1163 1458 1223 Diese
1488 1165 1728 1225 Verhandlungen
1757 1165 1867 1225 führten
1893 1165 2055 1225 allmählich
2088 1166 2173 1226 dazu,
2195 1166 2258 1226 dass
2283 1165 2335 1225 wir
2357 1165 2405 1225 der

340 1196 378 1256 die
410 1196 606 1256 Ausstellung,
627 1196 876 1256 Eisenbahnfahrt
905 1195 955 1255 und
987 1195 1164 1255 Hafenfahrt
1190 1196 1239 1256 auf
1264 1196 1314 1256 dem

1383 1201 1887 1261 Personenschiffahrtsgesellschaft
1926 1199 2281 1259 Betriebsgemeinschaft,
2324 1201 2402 1261 Miete

337 1232 420 1292 Rhein
454 1231 492 1291 ist
520 1231 685 1291 überhaupt
709 1232 761 1292 nur
788 1232 926 1292 rationell
950 1232 978 1292 zu
1012 1232 1222 1292 organisieren,
1250 1231 1325 1291 wenn

1385 1237 1445 1297 oder
1473 1237 1552 1297 Kauf
1573 1237 1651 1297 ihres
1679 1235 1800 1295 Schiffes
1832 1235 2049 1295 vorgeschlagen
2084 1235 2191 1295 haben.
2219 1235 2308 1295 Unser
2340 1235 2393 1295 Vor

341 1268 380 1328 die
408 1267 512 1327 Schiffe
537 1267 701 1327 gemeinsam
741 1267 883 1327 betrieben
916 1267 1041 1327 werden.

1381 1271 1469 1331 schlag
1495 1271 1613 1331 erfolgte
1638 1271 1693 1331 mit
1712 1271 1837 1331 Hinweis
1863 1271 1914 1331 auf
1932 1271 1973 1331 die
2002 1271 2142 1331 schlechte
2171 1271 2241 1331 Lage
2267 1271 2319 1331 der
2340 1271 2406 1331 Per¬

418 1304 462 1364 Mit
488 1303 646 1363 Rücksicht
669 1303 720 1363 auf
746 1303 820 1363 diese
857 1303 1085 1363 Ueberlegungen
1118 1303 1247 1363 erklären
1281 1304 1328 1364 wir

1376 1307 1842 1367 scnenschiffahrtsgesellschaft.
1878 1307 2048 1367 Anfänglich
2084 1307 2169 1367 stiess
2202 1307 2234 1367 er
2266 1307 2316 1367 aus
2351 1307 2401 1367 den

345 1340 393 1400 uns
419 1339 629 1399 grundsätzlich
662 1339 766 1399 bereit,
791 1339 836 1399 für
865 1339 906 1399 die
939 1339 1002 1399 Zeit
1028 1339 1076 1399 vom
1120 1339 1146 1399 1.
1157 1339 1216 1399 Juli
1238 1340 1316 1400 diese

1375 1343 1496 1403 gleichen
1528 1343 1678 1403 Gründen,
1699 1342 1738 1402 die
1767 1342 1806 1402 die
1838 1342 2351 1402 Personenschiffahrtsgesellschaft
2372 1343 2397 1403 zu

352 1376 441 1436 Jahres
475 1375 517 1435 bis
554 1373 668 1433 Schluss
702 1373 750 1433 der
788 1375 1220 1435 Personenschiffahrtssaison,
1251 1376 1324 1436 zirk:

1381 1379 1423 1439 der
1444 1379 1612 1439 Ablehnung
1637 1379 1687 1439 der
1708 1379 1759 1439 von
1787 1379 1837 1439 uns
1862 1378 2119 1438 vorgeschlagenen
2151 1378 2389 1438 Betriebsgemein

342 1412 363 1472 1.
373 1411 513 1471 Oktober,
541 1411 598 1471 eine
634 1411 979 1471 Betriebsgemeinschaft
1008 1412 1061 1472 mit
1090 1412 1140 1472 der
1172 1412 1333 1472 Personen¬

1384 1417 1472 1477 schaft
1505 1417 1623 1477 geführt
1656 1415 1770 1475 hatten,
1811 1415 1862 1475 auf
1888 1415 2087 1475 Widerstand.
2127 1415 2201 1475 Nach
2242 1415 2293 1475 und
2330 1415 2400 1475 nach

349 1448 499 1508 schiffahrt
521 1447 718 1507 einzugehen.

1392 1450 1495 1510 chaffte
1524 1451 1580 1511 sich
1609 1451 1709 1511 jedoch
1738 1451 1779 1511 die
1808 1451 1929 1511 Ansicht
1956 1451 2048 1511 Bahn,
2070 1450 2132 1510 dass
2162 1451 2221 1511 eine
2250 1451 2402 1511 Abtretunz

383 1481 434 1541 Wir
456 1483 589 1543 schlugen
619 1483 641 1543 im
681 1483 806 1543 gleichen
839 1483 987 1543 Schreiben
1020 1483 1045 1543 u.
1056 1483 1086 1543 a.
1104 1483 1148 1543 für
1174 1483 1251 1543 diese
1281 1481 1328 1541 Be¬

1379 1487 1421 1547 des
1453 1487 1574 1547 Schiffes
1606 1487 1656 1547 bei
1681 1487 1731 1547 der
1760 1487 1987 1547 gegenwärtigen
2023 1486 2183 1546 schlechten
2219 1486 2397 1546 finanzieller

305 1519 609 1579 triebsgemeinschaft
630 1519 779 1579 folgendes
808 1519 858 1579 vor

1384 1525 1448 1585 Lage
1472 1523 1519 1583 der
1544 1522 2055 1582 Personenschiffahrtsgesellschaft
2073 1522 2105 1582 am
2140 1523 2332 1583 geeignetsten
2357 1522 2407 1582 sei.

1380 1558 1422 1618 Die
1454 1559 1792 1619 Generalversammlung
1823 1559 1869 1619 der
1898 1559 2093 1619 Gesellschaft
2118 1559 2295 1619 genehmigte
2328 1559 2398 1619 dann

337 1569 363 1629 1.
385 1565 605 1625 Gemeinsamer
631 1565 741 1625 Betrieb

1378 1594 1420 1654 den
1455 1595 1587 1655 Verkauf
1608 1595 1639 1655 an
1674 1595 1771 1655 unsere
1802 1595 2008 1655 Gesellschaft.

415 1610 458 1670 Die
486 1610 603 1670 Leitung
632 1610 710 1670 eines
739 1609 948 1669 gemeinsamen
984 1609 1126 1669 Betriebes
1155 1610 1218 1670 wird
1251 1611 1311 1671 eine

1457 1634 1534 1694 Wenn
1563 1635 1604 1695 Sie
1626 1636 1677 1696 nun
1706 1636 1729 1696 in
1755 1634 1835 1694 Ihrem
1872 1634 1982 1694 Artikel
1997 1633 2163 1693 schreiben,
2177 1634 2243 1694 dass
2262 1634 2306 1694 die
2332 1636 2401 1696 Kon¬

340 1646 443 1706 kleinen
475 1646 683 1706 Kommission,
701 1646 852 1706 bestehend
881 1646 931 1706 aus
952 1646 974 1706 je
999 1646 1038 1706 ein
1067 1646 1106 1706 bis
1132 1646 1203 1706 zwei
1221 1645 1325 1705 Herren

1379 1672 1599 1732 kurrenzierung
1628 1670 1677 1730 der
1703 1670 2215 1730 Personenschiffahrtsgesellschaft
2236 1672 2322 1732 durch
2354 1673 2404 1733 uns

345 1684 387 1744 von
430 1682 508 1742 jeder
551 1682 754 1742 Gesellschaft,
789 1681 974 1741 übertragen.
1017 1682 1099 1742 Diese
1141 1682 1322 1742 entscheiden

1372 1706 1407 1766 als
1436 1708 1522 1768 wenig
1554 1708 1672 1768 generös
1701 1708 1751 1768 und
1783 1706 1920 1766 ritterlich
1952 1705 2127 1765 empfunden
2160 1706 2267 1766 werden
2303 1709 2411 1769 könne,

337 1720 507 1780 selbständig
540 1718 606 1778 über
628 1718 680 1778 alle
713 1717 957 1777 Betriebsfragen.
979 1717 1020 1777 Sie
1050 1717 1142 1777 setzen
1171 1718 1212 1778 die
1242 1718 1315 1778 Fahr

1384 1742 1400 1802 so
1430 1742 1552 1802 nehmen
1585 1742 1634 1802 wir
1661 1742 1733 1802 ohne
1766 1742 1895 1802 weiteres
1921 1742 1971 1802 an,
1994 1742 2059 1802 dass
2086 1742 2155 1802 nach
2188 1742 2234 1802 der
2264 1743 2396 1803 erfolgten

344 1756 429 1816 preise
458 1754 524 1814 fest,
543 1753 642 1813 ebenso
672 1753 720 1813 wie
749 1753 789 1813 die
819 1753 996 1813 Fahrpläne.
1018 1754 1059 1814 Sie
1088 1754 1184 1814 führen
1217 1754 1261 1814 die
1287 1754 1316 1814 ge

1379 1778 1499 1838 genauen
1535 1778 1695 1838 Darlegung
1727 1778 1777 1838 der
1809 1777 1962 1837 Umstände
1994 1777 2087 1837 dieser
2115 1777 2251 1837 Vorwurf
2279 1778 2322 1838 für
2354 1780 2382 1840 un

337 1789 422 1849 samte
452 1789 688 1849 Werbetätigkeit
710 1789 814 1849 durch.
832 1789 917 1849 Wenn
946 1789 983 1849 sie
1009 1789 1035 1849 es
1065 1789 1106 1849 für
1128 1790 1205 1850 nötig
1231 1790 1308 1850 erach

1380 1813 1447 1873 chne
1472 1813 1600 1873 weiteres
1621 1813 1788 1873 dahinfällt,
1803 1813 1870 1873 denn
1899 1813 1923 1873 es
1945 1813 2037 1873 dürfte
2062 1813 2148 1873 einzig
2172 1813 2243 1873 sein,
2261 1813 2325 1873 dass
2343 1814 2400 1874 eine

341 1826 398 1886 ten,
415 1826 472 1886 sind
501 1826 537 1886 sie
565 1826 736 1886 berechtigt,
757 1826 832 1886 einen
863 1826 924 1886 Teil
942 1826 1020 1886 ihrer
1045 1826 1208 1886 Befugnisse
1237 1825 1311 1885 einem

1376 1849 1754 1909 Konkurrenzgesellschaft
1772 1849 1815 1909 die
1837 1849 1943 1909 andere
1969 1849 2065 1909 zuerst
2083 1849 2137 1909 auf
2158 1849 2198 1909 die
2226 1849 2326 1909 Folgen
2355 1850 2401 1910 der

346 1861 548 1921 Betriebschef,
568 1861 616 1921 den
647 1861 681 1921 sie
708 1861 870 1921 ernennen,
890 1861 914 1921 zu
945 1861 1130 1921 übertragen.
1147 1861 1195 1921 Die
1219 1862 1328 1922 gesam¬

1385 1885 1563 1945 Konkurrenz
1586 1885 1768 1945 aufmerksam
1804 1885 1914 1945 macht,
1930 1885 1980 1945 wie
2003 1885 2053 1945 wir
2072 1885 2099 1945 es
2122 1885 2198 1945 getan
2224 1885 2330 1945 haben,
2353 1886 2399 1946 und

338 1898 377 1958 ten
409 1897 508 1957 Kosten
537 1897 587 1957 der
608 1898 885 1958 Betriebsrechnung
910 1899 995 1959 gehen
1023 1900 1052 1960 zu
1080 1898 1176 1958 Lasten
1208 1897 1254 1957 der
1279 1897 1329 1957 Ge¬

1378 1921 1396 1981 in
1428 1922 1509 1982 jeder
1538 1923 1698 1983 Beziehung
1730 1924 1822 1984 bereit
1847 1922 1897 1982 ist,
1922 1922 1975 1982 sich
2011 1922 2061 1982 mit
2085 1922 2135 1982 dem
2182 1922 2398 1982 Konkurrenten

344 1933 682 1993 meinschaftsrechnung

1378 1958 1407 2018 zu
1435 1958 1639 2018 verständigen

341 1984 368 2044 2.
392 1981 549 2041 Personal.

1447 1997 1487 2057 Sie
1520 1997 1686 2057 schreiben,
1715 1997 1764 2057 der
1797 1997 2224 2057 Personenschiffahrtsbetrieb
2261 1997 2287 2057 in
2324 1999 2408 2059 Basel

411 2026 453 2086 Die
480 2026 576 2086 Basler
598 2026 1162 2086 Rheinschiffahrt-Aktiengesellschaft
1181 2027 1261 2087 stellt
1281 2026 1330 2086 das

1380 2033 1419 2093 sei
1437 2033 1490 2093 nun
1515 2033 1565 2093 vom
1604 2033 1693 2093 Boden
1717 2033 1767 2093 der
1789 2035 2073 2095 Gemeinnützigkeit
2094 2036 2144 2096 auf
2162 2036 2208 2096 den
2240 2036 2329 2096 Boden
2357 2035 2404 2095 des

341 2062 381 2122 für
407 2062 459 2122 den
492 2062 603 2122 Betrieb
632 2062 725 2122 nötige
758 2062 898 2122 Personal
924 2062 983 2122 ein.
1009 2062 1050 2122 Sie
1079 2063 1257 2123 übernimmt
1286 2063 1324 2123 die

1389 2069 1726 2129 privatwirtschaftlichen
1776 2069 2075 2129 Geschäftsegoismus
2124 2071 2398 2131 hinübergerutscht

347 2098 571 2158 Verpflichtung,
589 2099 707 2159 Kapitän
736 2099 788 2159 und
817 2098 986 2158 Maschinist
1005 2098 1053 2158 des
1078 2098 1181 2158 Bootes
1211 2099 1328 2159 «Rhein¬

1381 2104 1436 2164 Wir
1458 2104 1619 2164 überlassen
1645 2104 1675 2164 es
1697 2104 1777 2164 ruhig
1803 2104 1851 2164 dem
1891 2104 2031 2164 Publikum
2071 2105 2192 2165 darüber
2218 2105 2243 2165 zu
2273 2107 2406 2167 urteilen.

338 2132 449 2192 felden»
477 2132 521 2192 für
546 2132 594 2192 das
618 2132 705 2192 ganze
733 2132 802 2192 Jahr
823 2132 1030 2192 anzustellen.»

1375 2140 1432 2200 wer
1453 2140 1535 2200 mehr
1560 2141 1844 2201 Gemeinnützigkeit
1866 2141 1983 2201 ausübt,
2004 2141 2047 2201 die
2075 2141 2407 2201 Personenschiffahrts¬

383 2170 407 2230 Am
454 2169 582 2229 Schlüsse
611 2168 661 2228 des
690 2168 811 2228 gleichen
847 2168 957 2228 Briefes
986 2168 1132 2228 schrieben
1168 2168 1229 2228 wir:

1378 2177 1563 2237 gesellschaft
1584 2177 1655 2237 oder
1684 2177 1744 2237 wir,
1769 2176 1819 2236 mit
1844 2176 1944 2236 unsern
1979 2176 2047 2236 auch
2075 2177 2146 2237 nach
2182 2177 2399 2237 Verschwinder

409 2211 471 2271 ....
499 2210 581 2270 Sollte
605 2209 691 2269 wider
716 2209 856 2269 Erwarten
888 2209 925 2269 ein
953 2210 1253 2270 Zusammenarbeiten
1280 2212 1311 2272 au

1384 2212 1422 2272 ler
1452 2213 1639 2273 Konkurrenz
1669 2213 1734 2273 sehr
1765 2213 1874 2273 billigen
1909 2213 2114 2273 Fahrpreisen.
2140 2213 2198 2273 Wir
2224 2215 2354 2275 denken,
2376 2216 2400 2276 je

338 2246 387 2306 uns
415 2246 686 2306 unverständlichen
718 2245 846 2305 Gründen
878 2245 959 2305 nicht
985 2246 1102 2306 möglich
1134 2246 1208 2306 sein,
1230 2247 1255 2307 so
1287 2248 1330 2308 ge¬

1380 2248 1486 2308 billiger
1512 2249 1560 2309 das
1586 2249 1726 2309 Publikum
1766 2248 1862 2308 fahren
1895 2248 1984 2308 kann,
2006 2248 2080 2308 desto
2109 2248 2190 2308 mehr
2216 2249 2323 2309 nähert
2345 2251 2396 2311 sich

337 2282 433 2342 statten
466 2282 515 2342 wir
545 2282 595 2342 uns
625 2282 730 2342 darauf
757 2282 969 2342 hinzuweisen,
992 2282 1055 2342 dass
1085 2282 1131 2342 bei
1158 2282 1234 2342 einem
1280 2282 1316 2342 all

1379 2284 1424 2344 das
1451 2285 1664 2345 Unternehmen
1698 2285 1774 2345 einem
1818 2285 2062 2345 gemeinnützigen
2096 2285 2305 2345 Unternehmen

344 2317 447 2377 fälligen
477 2317 774 2377 Konkurrenzkampf
797 2317 846 2377 das
873 2317 945 2377 Boot
972 2317 1074 2377 «Vogel
1097 2317 1192 2377 Gryff»
1219 2318 1325 2378 infolge

1781 2332 1994 2392 Hochachtene

340 2354 429 2414 seiner
453 2353 656 2413 vielseitigeren
680 2353 873 2413 Verwendung
900 2353 948 2413 und
972 2353 1065 2413 seines
1086 2353 1154 2413 über
1178 2354 1186 2414 1
1223 2354 1327 2414 niedri¬

1660 2381 1753 2441 Basler
1775 2382 2042 2442 Rheinschiffahrts
2068 2383 2364 2443 Aktiengesellschaft

337 2389 412 2449 geren
448 2389 558 2449 Preises
583 2389 740 2449 jedenfalls
766 2389 812 2449 dem
858 2389 933 2449 Boot
958 2390 1180 2450 «Rheinfelden»
1212 2389 1319 2449 wesent

342 2425 387 2485 lich
417 2425 568 2485 überlegen
595 2425 647 2485 ist.
673 2426 718 2486 ...

1836 2430 1932 2490 Ritter

2063 2432 2238 2492 Groschupf

416 2462 441 2522 Es
469 2461 508 2521 ist
530 2459 597 2519 auch
625 2459 654 2519 zu
686 2458 871 2518 befürchten,
892 2458 960 2518 dass
984 2458 1027 2518 die
1056 2459 1141 2519 ganze
1169 2459 1326 2519 Personen¬

341 2494 493 2554 schiffahrt
516 2495 539 2555 in
577 2495 744 2555 Misskredit
771 2495 862 2555 gerät,
888 2495 964 2555 wenn
1002 2495 1063 2555 eine
1097 2495 1321 2555 Verständigung

1446 2501 1633 2561 Nachschrift
1657 2500 1706 2560 der
1730 2500 1910 2560 Redaktion.
1938 2500 1995 2560 Wir
2023 2501 2113 2561 haben
2142 2501 2195 2561 der
2219 2504 2402 2564 Erwiderung

343 2531 416 2591 nicht
441 2530 578 2590 zustande
610 2531 789 2591 kommt....

1385 2536 1424 2596 der
1448 2536 1558 2596 «Basler
1582 2537 1952 2597 Rheinschiffahrts-A.-G.»
1976 2539 2034 2599 hier
2054 2539 2129 2599 Raum
2168 2540 2306 2600 gegeben,
2322 2540 2388 2600 trotz

381 2566 477 2626 Unsere
510 2567 680 2627 Vorschläge
705 2566 816 2626 wurden
845 2566 893 2626 von
923 2566 975 2626 der
997 2567 1314 2627 Personenschiffahrts

1382 2573 1425 2633 dem
1464 2573 1504 2633 sie
1531 2573 1559 2633 u.
1578 2573 1614 2633 E.
1634 2573 1685 2633 den
1712 2573 1791 2633 Gang
1818 2575 1869 2635 der
1897 2575 2132 2635 Verhandlungen
2164 2576 2293 2636 einseitig
2321 2578 2404 2638 schil¬

300 2603 483 2663 gesellschaft
514 2603 565 2663 aus
600 2603 796 2663 persönlichen
827 2603 958 2663 Gründen
996 2605 1075 2665 nicht
1106 2605 1312 2665 angenommen

1379 2608 1439 2668 dert
1464 2608 1514 2668 und
1546 2609 1653 2669 einiges
1678 2609 1877 2669 verschweigt,
1899 2609 1955 2669 was
1980 2611 2030 2671 zum
2073 2611 2169 2671 besser
2219 2612 2404 2672 Verständnis

306 2638 337 2698 Um
376 2638 444 2698 trotz
469 2639 565 2699 dieser
587 2639 783 2699 persönlichen
815 2638 1064 2698 Schwierigkeiten
1096 2639 1171 2699 einen
1203 2641 1267 2701 Weg
1295 2641 1320 2701 zu

1375 2644 1425 2704 der
1446 2644 1532 2704 Sache
1553 2645 1841 2705 notwendigerweise
1862 2645 1962 2705 gesagt
1980 2645 2086 2705 werden
2112 2645 2204 2705 muss.
2222 2646 2247 2706 In
2272 2647 2318 2707 der
2343 2648 2404 2708 Ein¬

311 2675 414 2735 finden,
432 2675 484 2735 hat
506 2675 554 2735 der
579 2674 815 2734 Vize-Präsident
833 2674 885 2734 der
907 2675 1325 2735 Personenschiffahrtsgesell¬

1377 2680 1502 2740 sendung
1528 2680 1638 2740 werden
1667 2680 1715 2740 von
1741 2680 1792 2740 der
1818 2681 1928 2741 «Basler
1953 2681 2324 2741 Rheinschiffahrts-A.-G.»
2350 2684 2398 2744 alle

305 2710 396 2770 schaft
415 2711 465 2771 der
488 2710 632 2770 Direktion
658 2710 704 2770 der
727 2710 966 2770 Internationalen
993 2711 1171 2771 Ausstellung
1198 2713 1240 2773 für
1262 2713 1308 2773 Bin

1388 2717 1437 2777 ene
1469 2716 1569 2776 Stellen
1608 2716 1658 2776 aus
1690 2717 1768 2777 ihrer
1800 2717 1914 2777 eigenen
1953 2719 2191 2779 Korrespondenz
2223 2719 2387 2779 zusammen

306 2746 515 2806 nenschiffahrt
541 2747 589 2807 und
622 2747 942 2807 Wasserkraftnutzung
968 2747 990 2807 in
1023 2747 1096 2807 einer
1122 2749 1324 2809 Besprechung

1378 2753 1522 2813 getragen,
1546 2752 1594 2812 aus
1621 2752 1707 2812 denen
1741 2753 1933 2813 hervorgehen
1964 2755 2029 2815 soll,
2053 2755 2118 2815 dass
2142 2755 2183 2815 die
2214 2755 2392 2815 Gesellschaf

304 2782 369 2842 aller
393 2782 602 2842 Interessenten
629 2782 862 2842 vorgeschlagen,
882 2783 944 2843 dass
968 2783 1005 2843 ein
1033 2783 1317 2843 Ausstellungskomi

1379 2788 1402 2848 zu
1432 2788 1509 2848 einer
1539 2789 1885 2849 Betriebsgemeinschaft
1908 2789 1999 2849 bereit
2026 2790 2152 2850 gewesen
2186 2791 2239 2851 sei.
2262 2792 2316 2852 Von
2350 2793 2395 2853 der

310 2818 342 2878 tee
365 2818 409 2878 die
432 2818 530 2878 beiden
558 2818 661 2878 Schiffe
688 2819 912 2879 «Rheinfelden»
936 2819 987 2879 und
1018 2819 1125 2879 «Vogel
1140 2821 1239 2881 Gryff»
1263 2822 1309 2882 zum

1373 2824 1554 2884 mündlichen
1586 2825 1822 2885 Verhandlungen
1850 2825 1896 2885 und
1924 2825 1971 2885 den
1999 2827 2267 2887 Schwierigkeiten,
2282 2828 2326 2888 die
2345 2829 2396 2889 sich

308 2854 411 2914 Betrieb
445 2855 635 2915 übernimmt.
665 2855 722 2915 Wir
753 2855 844 2915 haben
882 2855 905 2915 in
943 2857 1019 2917 einem
1072 2857 1220 2917 Schreiben
1262 2858 1311 2918 vom

1377 2860 1456 2920 ihnen
1491 2860 1515 2920 in
1551 2860 1601 2920 den
1641 2860 1704 2920 Weg
1735 2861 1845 2921 legten,
1869 2861 2015 2921 berichtet
2042 2862 2109 2922 aber
2140 2863 2184 2923 die
2219 2865 2401 2925 Einsendung

305 2891 345 2951 24.
353 2890 427 2950 März
449 2890 478 2950 an
504 2890 578 2950 diese
600 2891 747 2951 Direktion
773 2891 825 2951 uns
843 2891 935 2951 bereit
954 2891 1072 2951 erklärt,
1090 2893 1157 2953 auch
1179 2893 1231 2953 auf
1249 2894 1322 2954 diese

1376 2896 1482 2956 nichts.
1498 2896 1535 2956 Es
1554 2896 1592 2956 ist
1612 2896 1695 2956 nicht
1714 2896 1764 2956 das
1786 2897 1992 2957 Wesentliche,
2011 2897 2072 2957 dass
2094 2898 2136 2958 die
2166 2899 2280 2959 «Basler
2300 2900 2403 2960 Rhein¬

311 2924 394 2984 Weise
417 2925 500 2985 unser
523 2926 594 2986 Boot
614 2927 661 2987 zur
680 2927 841 2987 Verfügung
865 2929 892 2989 zu
916 2929 1010 2989 stellen
1038 2929 1089 2989 und
1112 2929 1203 2989 haben
1230 2930 1304 2990 ferne

1376 2932 1648 2992 schiffahrts-A.-G.»
1678 2932 1707 2992 zu
1740 2932 1817 2992 einer
1850 2933 2195 2993 Betriebsgemeinschaft
2221 2935 2276 2995 sich
2313 2936 2393 2996 berei

302 2962 465 3022 mitgeteilt,
492 2962 557 3022 dass
587 2962 637 3022 wir
667 2963 949 3023 selbstverständlich
983 2965 1074 3025 bereit
1104 2965 1196 3025 seien,
1218 2966 1321 3026 andere

1378 2969 1485 3029 erklärt
1504 2968 1565 3028 hat,
1584 2968 1702 3028 sondern
1732 2968 1782 3028 das
1809 2969 1995 3029 Wesentliche
2022 2971 2091 3031 liegt
2114 2971 2136 3031 in
2163 2971 2212 3031 den
2243 2972 2384 3032 Bedingun

310 2998 471 3058 Vorschläge
499 2998 526 3058 zu
550 2998 668 3058 prüfen,
688 2999 762 3059 wenn
786 2999 872 3059 wider
896 3000 1037 3060 Erwarten
1069 3001 1136 3061 auch
1163 3002 1253 3062 dieser
1277 3004 1308 3064 un

1378 3005 1439 3065 gen,
1458 3004 1538 3064 unter
1557 3004 1645 3064 denen
1667 3004 1744 3064 diese
1767 3005 1961 3065 Gesellschaft
1980 3005 2038 3065 eine
2060 3008 2392 3068 Betriebsgemeinschaf

301 3032 376 3092 seres
397 3034 557 3094 Erachtens
578 3035 641 3095 gute
658 3035 809 3095 Vorschlag
834 3037 885 3097 auf
902 3037 1078 3097 Widerstand
1103 3038 1213 3098 stossen
1238 3040 1318 3100 sollte

1369 3040 1561 3100 eingegangen
1591 3040 1680 3100 wäre,
1699 3040 1749 3100 und
1780 3041 1856 3101 diese
1883 3041 2087 3101 Bedingungen
2117 3043 2183 3103 eben
2209 3044 2271 3104 sind
2297 3044 2340 3104 es,
2363 3045 2398 3105 die

326 3068 379 3128 Wir
401 3070 549 3130 schrieben
579 3070 708 3130 wörtlich

1379 3076 1432 3136 eine
1452 3076 1799 3136 Betriebsgemeinschaft
1814 3077 1944 3137 vereitelt
1963 3077 2073 3137 haben.
2089 3078 2138 3138 Bei
2157 3079 2203 3139 den
2230 3079 2322 3139 ersten
2341 3080 2391 3140 Ver

1373 3112 1557 3172 handlungen
1590 3112 1667 3172 hatte
1700 3112 1741 3172 die
1778 3112 1892 3172 «Basler
1925 3114 2297 3174 Rheinschiffahrts-A.-G.»
2330 3116 2385 3176 woh

392 3107 453 3167 Wir
481 3109 609 3169 möchten
643 3110 765 3170 wirklich
794 3112 988 3172 unsererseits
1011 3116 1083 3176 alles
1106 3118 1167 3178 tun,
1189 3119 1223 3179 um
1268 3121 1324 3181 eine

378 3145 722 3205 Betriebsgemeinschaft
743 3149 773 3209 zu
807 3151 1032 3211 ermöglichen.»

1381 3148 1432 3208 eine
1460 3148 1555 3208 kleine
1578 3148 1897 3208 Betriebskommission
1928 3151 2164 3211 vorgeschlagen,
2184 3151 2239 3211 sich
2267 3152 2337 3212 aber
2361 3153 2401 3213 die

1385 3184 1541 3244 Instellung
1571 3184 1617 3244 des
1647 3184 1784 3244 Kapitäns
1814 3185 1868 3245 und
1898 3185 2103 3245 Maschinisten
2134 3187 2183 3247 des
2206 3187 2259 3247 der
2289 3188 2404 3248 «Perso¬

381 3184 408 3244 Am
447 3184 497 3244 29.
505 3184 576 3244 März
603 3185 670 3245 1926
696 3185 758 3245 teilt
780 3186 833 3246 uns
856 3187 905 3247 der
931 3188 1166 3248 Vice-Präsident
1188 3191 1238 3251 der
1264 3192 1313 3252 Per

1381 3220 1804 3280 nenschiffahrtsgesellschaft»
1834 3221 2013 3281 gehörenden
2047 3221 2150 3281 Bootes
2181 3224 2401 3284 «Rheinfelden»

300 3221 750 3281 sonenschiffahrtsgesellschaft
772 3222 834 3282 mit,
853 3223 917 3283 dass
940 3224 967 3284 er
990 3226 1153 3286 seinerseits
1176 3227 1253 3287 seine
1275 3227 1309 3287 Be

1378 3255 1578 3315 vorbehalten,
1595 3256 1725 3316 wodurch
1754 3256 1897 3316 praktisch
1926 3256 1972 3316 bei
1993 3256 2039 3316 der
2064 3259 2332 3319 Betriebsregelung
2353 3262 2404 3322 der

303 3257 460 3317 mühungen
488 3257 531 3317 für
551 3257 598 3317 den
622 3258 775 3318 Abschluss
798 3259 873 3319 einer
896 3262 1239 3322 Betriebsgemeinschaft
1258 3263 1313 3323 fort
