2676 3614
990 259 1071 319 DIE
1117 261 1600 321 RHEINQUELLEN

2263 262 2333 322 141

269 292 272 352 3

259 373 309 433 eine
346 373 407 433 Teil
434 373 483 433 der
518 374 837 434 Betriebskommission
875 376 1027 436 sozusagen
1065 376 1277 436 ausgeschaltet

1333 379 1503 439 vorzugung,
1528 379 1628 439 welche
1657 379 1679 439 in
1712 380 1790 440 ihrer
1815 380 2011 440 Endwirkung
2040 382 2136 442 nichts
2158 383 2283 443 anderes
2309 382 2338 442 ge

259 409 361 469 worden
393 410 479 470 wäre.
499 410 546 470 Bei
566 410 617 470 den
645 410 774 470 späteren
806 413 1042 473 Verhandlungen
1069 414 1136 474 aber
1160 415 1211 475 hat
1234 415 1273 475 die

1329 413 1413 473 wesen
1443 415 1512 475 wäre
1539 415 1577 475 als
1596 416 1657 476 eine
1680 416 1790 476 direkte
1817 416 1993 476 Schädigung
2019 418 2065 478 der
2091 418 2354 478 «Personenschiff¬

258 443 364 503 «Basler
400 445 773 505 Rheinschiffahrts-A.-G.»
808 448 868 508 ihre
903 449 1099 509 Zustimmung
1142 449 1190 509 zur
1229 448 1277 508 Be¬

1329 450 1637 510 fahrtsgesellschaft»,
1656 451 1758 511 konnte
1785 451 2047 511 glücklicherweise
2077 451 2206 511 vereitelt
2229 453 2354 513 werden.

250 481 554 541 triebsgemeinschaft
570 481 619 541 von
643 482 696 542 der
721 482 948 542 Voraussetzung
973 485 1111 545 abhängig
1135 485 1282 545 gemacht,

1335 485 1350 545 in
1386 485 1464 545 einem
1508 487 1748 547 eigentümlichen
1785 487 1880 547 Lichte
1913 487 2039 547 erschien
2076 488 2142 548 aber
2172 488 2212 548 die
2249 488 2353 548 Bereit¬

253 517 312 577 dass
336 517 371 577 sie
399 517 446 577 den
478 518 588 578 Betrieb
616 518 694 578 leiten
726 518 836 578 würde,
856 518 907 578 und
935 520 1017 580 jeden
1049 521 1203 581 Vorschlag
1230 523 1277 583 auf

1328 520 1420 580 schaft
1439 521 1488 581 der
1515 521 1625 581 «Basler
1652 523 2036 583 Rheinschiffahrts-A.-G.»,
2055 524 2097 584 als
2116 524 2193 584 diese
2219 524 2264 584 bei
2288 524 2353 584 Auf¬

263 552 446 612 Jebernahme
480 553 526 613 des
556 553 705 613 Betriebes
735 553 819 613 durch
853 553 895 613 die
929 554 1264 614 «Personenschiffahrts

1333 556 1425 616 nahme
1457 556 1507 616 der
1539 556 1777 616 Verhandlungen
1816 557 1883 617 über
1912 557 1972 617 eine
2008 559 2355 619 Betriebsgemeinschaft

256 587 449 647 gesellschaft»
476 587 531 647 mit
555 589 728 649 Entrüstung
759 589 928 649 abgelehnt.
952 590 1050 650 Damit
1074 590 1125 650 hat
1148 592 1188 652 sie
1215 592 1270 652 sich

1331 592 1377 652 sich
1406 592 1491 652 daran
1517 592 1645 652 machte,
1663 592 1713 652 der
1738 593 2280 653 «Personenschiffahrtsgesellschaft»
2305 595 2355 655 das

254 622 300 682 von
326 623 436 683 Anfang
463 623 494 683 an
517 623 570 683 auf
589 623 665 683 einen
695 624 787 684 Boden
817 625 943 685 gestellt,
958 625 1011 685 auf
1030 625 1080 685 dem
1118 627 1277 687 Gleichheit

1330 626 1514 686 eingeschulte
1551 628 1691 688 Personal
1721 628 2008 688 wegzuengagieren,
2034 628 2089 688 was
2122 629 2237 689 letztere
2273 631 2340 691 aller

254 658 301 718 und
331 658 478 718 gerechtes
507 659 643 719 Abwägen
676 659 907 719 ausgeschlossen
944 661 1014 721 war.
1036 661 1172 721 Trotzdem
1219 662 1274 722 war

1334 661 1403 721 lings
1433 663 1601 723 verhindern
1639 664 1761 724 konnte,
1788 664 1853 724 aber
1884 664 1937 724 nur
1963 664 2017 724 mit
2044 664 2124 724 einem
2170 667 2349 727 erheblichen

249 694 287 754 die
318 694 855 754 «Personenschiffahrtsgesellschaft»
878 695 943 755 auch
970 695 1114 755 weiterhin
1142 697 1172 757 zu
1199 698 1275 758 einer

1331 698 1424 758 Opfer.
1448 698 1493 758 All
1513 700 1590 760 diese
1619 700 1725 760 Dinge,
1745 700 1789 760 die
1818 700 1948 760 äusserst
1972 700 2155 760 langwierige
2187 702 2350 762 Gestaltung

258 729 475 789 Verständigung
502 730 605 790 bereit,
625 731 691 791 aber
715 731 754 791 sie
778 731 869 791 wollte
896 733 951 793 sich
979 733 1066 793 dabei
1085 733 1133 793 den
1164 734 1274 794 Betrieb

1328 733 1370 793 der
1400 734 1652 794 Verhandlungen,
1671 734 1720 794 das
1743 736 1949 796 Hineintragen
1975 736 2078 796 immer
2097 737 2185 797 neuer
2208 737 2348 797 Momente

250 766 321 826 ihres
340 766 451 826 eigenen
478 766 580 826 Bootes
604 766 824 826 «Rheinfelden»
844 767 1036 827 reservieren,
1048 769 1127 829 nicht
1146 770 1194 830 aus
1217 772 1280 832 per¬

1330 769 1345 829 in
1378 769 1418 829 die
1448 770 1650 830 schwebenden
1687 770 1926 830 Verhandlungen
1959 772 2006 832 von
2040 772 2125 832 seiten
2157 772 2205 832 der
2234 773 2348 833 «Basler

251 802 392 862 sönlichen
422 802 570 862 Gründen,
586 803 635 863 wie
658 803 684 863 es
707 803 726 863 in
753 803 802 863 der
825 805 1007 865 Einsendung
1031 806 1133 866 heisst,
1148 806 1270 866 sondern

1330 806 1706 866 Rheinschiffahrts-A.-G.»,
1733 806 1775 866 die
1805 807 1855 867 von
1885 808 1930 868 ihr
1961 808 1984 868 in
2018 808 2060 868 oft
2086 808 2227 868 schroffem
2273 808 2345 868 Tone

251 839 294 899 aus
320 839 660 899 Erfahrungsgründen.

1332 842 1449 902 geführte
1477 841 1733 901 Korrespondenz,
1751 841 1794 901 die
1818 842 1921 902 immer
1946 842 2049 902 wieder
2070 844 2230 904 erhobenen
2262 845 2333 905 Droh

323 874 355 934 Es
374 874 426 934 hat
449 874 489 934 die
520 874 1001 934 Verständigungsverhandlungen
1033 875 1210 935 keineswegs
1234 877 1277 937 ge¬

1327 878 1409 938 ungen
1441 877 1494 937 mit
1512 878 1850 938 Preisunterbietungen,
1871 879 1900 939 u.
1910 880 1935 940 a.
1946 880 1985 940 m.
2006 880 2091 940 haben
2123 881 2195 941 ohne
2223 881 2351 941 weiteres

252 908 370 968 fördert,
402 910 445 970 als
480 910 523 970 die
571 910 681 970 «Basler
716 911 1101 971 Rheinschiffahrts-A.-G.»,
1137 913 1270 973 während

1336 914 1527 974 lurchblicken
1554 913 1664 973 lassen,
1683 913 1748 973 dass
1775 914 1816 974 die
1839 914 1862 974 in
1893 914 1943 974 der
1965 914 2149 974 Einsendung
2175 916 2202 976 so
2229 917 2286 977 viel
2309 918 2354 978 ge¬

251 943 326 1003 beide
353 944 577 1004 Gesellschaften
608 946 770 1006 zusammen
797 946 852 1006 mit
871 947 923 1007 der
946 949 1064 1009 Leitung
1091 949 1143 1009 der
1170 950 1260 1010 «Inter

1331 949 1430 1009 rühmte
1472 950 1719 1010 Bereitwilligkeit
1750 949 1780 1009 zu
1822 949 1898 1009 einer
1936 950 2282 1010 Betriebsgemeinschaft
2313 952 2335 1012 im

249 980 411 1040 nationalen
439 980 618 1040 Ausstellung
646 982 691 1042 für
719 982 1044 1042 Wasserkraftnutzung
1072 985 1121 1045 und
1153 986 1276 1046 Binnen¬

1336 986 1432 1046 irunde
1460 986 1627 1046 genommen
1656 986 1748 1046 nichts
1773 986 1897 1046 anderes
1922 986 1979 1046 war
2004 986 2043 1046 als
2068 988 2117 1048 der
2146 988 2284 1048 Wunsch,
2306 989 2345 1049 die

253 1018 414 1078 schiffahrt»
446 1018 470 1078 im
517 1018 599 1078 Jahre
630 1018 694 1078 1926
725 1018 827 1078 behufs
858 1019 1012 1079 Schaffung
1047 1021 1126 1081 eines
1149 1022 1276 1082 gemein¬

1330 1022 1509 1082 Konkurrenz
1536 1022 1566 1082 zu
1597 1022 1768 1082 beseitigen.
1810 1022 1856 1082 Die
1886 1022 1932 1082 bei
1955 1022 2005 1082 den
2039 1024 2275 1084 Verhandlungen
2310 1025 2351 1085 ge¬

256 1052 340 1112 samen
370 1052 690 1112 Schiffahrtsbetriebes
712 1054 932 1114 verhandelten,
951 1055 1046 1115 hinter
1068 1056 1116 1116 dem
1157 1057 1266 1117 Rücken

1331 1057 1449 1117 nachten
1478 1057 1677 1117 Erfahrungen
1707 1057 1795 1117 haben
1824 1058 1898 1118 dann
1928 1058 1950 1118 in
1979 1058 2027 1118 der
2053 1060 2137 1120 Folge
2163 1060 2207 1120 die
2237 1060 2348 1120 «Perso¬

251 1088 293 1148 der
311 1088 847 1148 «Personenschiffahrtsgesellschaft»
872 1090 908 1150 ein
933 1091 1206 1151 Uebereinkommen
1231 1090 1277 1150 ab¬

1324 1091 1749 1151 nenschiffahrtsgesellschaft»
1776 1093 1928 1153 bewogen,
1947 1094 1997 1154 den
2027 1094 2156 1154 Verkauf
2175 1094 2255 1154 ihres
2278 1094 2331 1154 Boo

250 1123 372 1183 schloss,
390 1123 504 1183 wonach
530 1123 574 1183 die
600 1124 776 1184 Ausstellung
806 1126 846 1186 die
868 1126 1001 1186 Garantie
1030 1127 1074 1187 für
1097 1127 1144 1187 das
1170 1127 1277 1187 Defizit

1335 1126 1362 1186 es
1381 1126 1601 1186 «Rheinfelden»
1628 1127 1654 1187 an
1681 1127 1723 1187 die
1742 1128 1856 1188 «Basler
1871 1129 2241 1189 Rheinschiffahrts-A.-G.»
2256 1130 2331 1190 einem

251 1160 288 1220 bis
306 1159 335 1219 zu
365 1159 443 1219 einem
479 1159 597 1219 Betrage
624 1160 671 1220 von
697 1160 745 1220 Fr.
764 1160 882 1220 20,000.—
926 1162 1103 1222 übernahm,
1122 1163 1188 1223 aber
1214 1163 1258 1223 son

1331 1163 1615 1223 Vertragsverhältnis
1645 1163 1700 1223 mit
1726 1165 1818 1225 dieser
1851 1165 2044 1225 Gesellschaft
2073 1166 2257 1226 vorzuziehen

253 1193 470 1253 derbarerweise
498 1195 551 1255 nur
580 1195 732 1255 zugunsten
772 1196 821 1256 der
853 1198 967 1258 «Basler
999 1198 1276 1258 Rheinschiffahrts¬

1366 1199 1414 1259 Wir
1439 1199 1539 1259 hielten
1569 1199 1598 1259 es
1620 1199 1664 1259 für
1686 1199 1867 1259 notwendig,
1889 1201 1940 1261 mit
1959 1201 2054 1261 diesen
2084 1202 2209 1262 wenigen
2238 1201 2348 1261 Bemer¬

248 1229 348 1289 A.-G.»,
366 1229 499 1289 während
525 1229 566 1289 die
595 1232 1136 1292 «Personenschiffahrtsgesellschaft»
1158 1232 1202 1292 ihr
1224 1232 1273 1292 De¬

1324 1234 1430 1294 kungen
1456 1234 1500 1294 die
1519 1234 1699 1294 Einsendung
1724 1235 1772 1295 der
1791 1235 1904 1295 «Basler
1919 1237 2290 1297 Rheinschiffahrts-A.-G-»
2316 1238 2341 1298 zu

250 1267 307 1327 fizit
326 1267 414 1327 selbst
433 1267 509 1327 hätte
532 1267 623 1327 tragen
650 1268 780 1328 müssen.
799 1268 879 1328 Diese
906 1270 1009 1330 höchst
1028 1270 1199 1330 eigenartige
1226 1270 1275 1330 Be¬

1334 1271 1455 1331 ergänzen
1485 1270 1536 1330 und
1562 1270 1723 1330 betrachten
1749 1271 1841 1331 damit
1859 1273 1933 1333 diese
1955 1274 2135 1334 Aussprache
2157 1276 2197 1336 als
2220 1276 2351 1336 erledigt.

277 1406 1089 1466 Verschiedene

1131 1409 1151 1469 2

1259 1412 1277 1472 e

1321 1411 1469 1471 1ne

1199 1412 1224 1472 1

1568 1414 2330 1474 Mitteilungen

1328 1520 1434 1580 gestellt
1454 1520 1564 1580 waren,
1583 1520 1712 1580 während
1739 1522 1761 1582 in
1788 1522 1838 1582 der
1860 1522 1990 1582 heutigen
2017 1523 2187 1583 revidierten
2218 1525 2339 1585 Statistik

378 1535 468 1595 Auf
509 1537 577 1597 den
623 1537 1126 1597 Binnenwasserstrassen

1319 1556 1367 1616 aus
1389 1556 1441 1616 der
1463 1556 1595 1616 früheren
1625 1556 1765 1616 einzelnen
1799 1558 1920 1618 Rubrik,
1939 1559 2083 1619 nunmehr
2105 1561 2178 1621 zwei
2200 1561 2340 1621 Rubriken

1326 1592 1439 1652 geführt
1455 1594 1580 1654 werden,
1597 1594 1718 1654 nämlich
1742 1594 1799 1654 No.
1812 1594 1856 1654 87a
1880 1595 1978 1655 Petrol
1998 1595 2046 1655 und
2071 1595 2123 1655 No.
2140 1596 2188 1656 87b
2213 1597 2334 1657 Mineral

318 1592 493 1652 Strassburgs
521 1594 745 1654 Hafenverkehr
769 1595 794 1655 im
834 1595 896 1655 Juli
920 1595 1002 1655 1928.
1022 1597 1075 1657 Der
1099 1598 1270 1658 eigentliche

1322 1628 1522 1688 ölderivative.
1552 1630 1836 1690 Selbstverständlich
1874 1631 1920 1691 sei
1945 1631 1991 1691 die
2025 1631 2125 1691 zweite
2154 1633 2276 1693 Rubrik,
2305 1634 2342 1694 die

255 1630 458 1690 Güterverkehr
486 1630 511 1690 in
543 1630 592 1690 den
628 1631 844 1691 Hafenanlagen
880 1633 978 1693 betrug
1007 1634 1031 1694 im
1076 1635 1137 1695 Juli
1165 1636 1275 1696 114,417

1323 1663 1371 1723 alle
1403 1665 1582 1725 raffinierten
1619 1666 1806 1726 Erzeugnisse
1842 1667 1891 1727 und
1927 1667 2098 1727 namentlich
2134 1669 2203 1729 auch
2240 1670 2341 1730 Benzir

254 1666 380 1726 Tonnen;
399 1666 475 1726 wenn
505 1666 567 1726 man
597 1667 734 1727 Kohlen-,
753 1667 825 1727 Kali-
852 1669 902 1729 und
929 1670 1188 1730 Eisenerzverkehr
1215 1672 1275 1732 hin¬

1316 1699 1454 1759 enthalte,
1476 1702 1623 1762 wichtiger
1653 1702 1693 1762 als
1723 1702 1766 1762 die
1796 1702 1887 1762 erste.
1913 1703 1996 1763 Wenn
2030 1703 2087 1763 also
2117 1705 2221 1765 gesagt
2242 1706 2350 1766 werde,

253 1702 411 1762 zurechnet,
429 1702 521 1762 ergibt
543 1702 569 1762 es
595 1702 668 1762 einen
701 1703 907 1763 Totalverkehr
929 1705 981 1765 von
1010 1705 1121 1765 588,791
1143 1706 1276 1766 Tonnen.

1330 1735 1382 1795 dass
1407 1736 1471 1796 1927
1496 1736 1549 1796 nur
1577 1738 1642 1798 1061
1667 1738 1780 1798 Tonnen
1813 1738 1910 1798 Petrol
1931 1738 2097 1798 eingeführt
2118 1739 2227 1799 worden
2260 1741 2350 1801 seien.

247 1735 279 1795 Es
314 1736 413 1796 kamen
448 1738 480 1798 an
519 1738 570 1798 per
602 1738 689 1798 Rhein
728 1739 834 1799 264,425
870 1739 984 1799 Tonnen
1027 1741 1149 1801 Kohlen,
1181 1742 1271 1802 40,316

1324 1771 1343 1831 so
1372 1771 1471 1831 handle
1497 1772 1523 1832 es
1545 1772 1600 1832 sich
1626 1772 1715 1832 dabei
1733 1774 1785 1834 nur
1807 1774 1840 1834 um
1877 1775 2138 1835 Rohmaterialien.

257 1771 356 1831 l’onnen
390 1771 519 1831 Getreide
550 1772 599 1832 und
633 1772 706 1832 5,000
732 1774 846 1834 Tonnen
881 1775 1029 1835 Petroleum
1071 1777 1131 1837 plus
1158 1777 1268 1837 diverse

248 1808 343 1868 Güter.
363 1808 501 1868 Talwärts
525 1808 659 1868 versandt
683 1810 793 1870 wurden
825 1811 916 1871 70,624
939 1811 1054 1871 Tonnen
1086 1811 1161 1871 Kali,
1180 1813 1271 1873 10,449

1401 1819 1438 1879 Die
1463 1819 1666 1879 Mannheimer
1691 1820 1779 1880 Häfen
1809 1821 1830 1881 im
1872 1822 1931 1882 Juli
1957 1822 2066 1882 (Korr.)
2087 1823 2146 1883 Der
2171 1824 2297 1884 Verkehr
2323 1825 2343 1885 in

257 1843 356 1903 l’onnen
394 1844 481 1904 Soda,
508 1844 614 1904 139,325
645 1846 759 1906 Tonnen
793 1846 926 1906 Eisenerz
960 1847 1010 1907 und
1044 1847 1116 1907 3,814
1150 1846 1264 1906 Tonnen

1324 1855 1368 1915 den
1396 1856 1486 1916 Häfen
1518 1857 1546 1917 zu
1575 1858 1725 1918 Mannheim
1765 1858 1822 1918 war
1850 1859 1871 1919 im
1915 1859 2017 1919 Monat
2037 1859 2098 1919 Juli
2122 1859 2207 1919 etwas
2231 1861 2345 1921 stärker

248 1879 473 1939 Eisenprodukte
507 1880 572 1940 plus
603 1880 713 1940 diverse
747 1882 847 1942 Güter.
877 1882 930 1942 Der
965 1883 1182 1943 Kanalverkehr
1216 1883 1269 1943 war

1316 1892 1352 1952 als
1377 1892 1397 1952 im
1438 1892 1561 1952 gleichen
1590 1892 1692 1952 Monat
1712 1892 1762 1952 des
1786 1894 1958 1954 Vorjahres.
1975 1895 2011 1955 Es
2036 1895 2134 1955 kamen
2163 1896 2196 1956 an
2224 1897 2245 1957 im
2286 1898 2351 1958 gan¬

248 1916 369 1976 normal;
391 1915 472 1975 allein
506 1915 546 1975 für
572 1916 623 1976 den
653 1917 995 1977 Rhein—Rhone-Kanal
1014 1919 1150 1979 herrscht
1168 1919 1272 1979 Kanal¬

1338 1927 1362 1987 en
1398 1927 1443 1987 136
1475 1927 1561 1987 Boote
1589 1928 1642 1988 mit
1667 1928 1780 1988 eigener
1809 1930 1988 1990 Triebkraft,
2008 1931 2097 1991 davon
2134 1933 2162 1993 14
2191 1933 2264 1993 leer,
2292 1934 2341 1994 und

245 1952 355 2012 sperre.
373 1952 412 2012 Da
440 1951 501 2011 man
533 1951 576 2011 die
604 1952 800 2012 betreffenden
835 1954 964 2014 Angaben
995 1955 1056 2015 erst
1077 1955 1148 2015 jetzt
1173 1955 1266 2015 erhält

1319 1961 1360 2021 900
1391 1963 1628 2023 Schleppkähne,
1651 1964 1740 2024 davon
1772 1966 1803 2026 72
1829 1966 1901 2026 leer.
1924 1966 1960 2026 Es
1982 1966 2085 2026 gingen
2112 1967 2147 2027 ab
2175 1967 2201 2027 im
2242 1969 2345 2029 ganzen

245 1987 271 2047 so
304 1987 345 2047 sei
370 1987 440 2047 noch
473 1988 639 2048 mitgeteilt,
661 1988 727 2048 dass
757 1988 779 2048 im
823 1990 893 2050 Juni
922 1990 970 2050 161
1000 1990 1136 2050 beladene
1169 1990 1273 2050 Kanal¬

1322 1999 1364 2059 134
1390 1999 1474 2059 Boote
1501 1999 1555 2059 mit
1577 1999 1688 2059 eigener
1715 2000 1894 2060 Triebkraft,
1913 2002 2005 2062 davon
2031 2003 2100 2063 acht
2119 2003 2192 2063 leer,
2214 2003 2264 2063 und
2294 2003 2341 2063 90.

240 2024 336 2084 schiffe
363 2023 408 2083 die
435 2024 584 2084 Hüninger
607 2024 741 2084 Schleuse
768 2025 944 2085 passierten,
963 2026 993 2086 um
1036 2027 1104 2087 nach
1131 2027 1219 2087 Basel
1238 2027 1265 2087 zu

1325 2035 1554 2095 Schleppkähne,
1580 2036 1670 2096 davon
1705 2036 1752 2096 603
1787 2036 1861 2096 leer.
1886 2036 1934 2096 Die
1968 2038 2215 2098 Güterbewegung
2249 2041 2344 2101 betrug

254 2059 360 2119 fahren,
379 2059 430 2119 und
460 2059 508 2119 von
537 2059 603 2119 dort
625 2060 724 2120 kamen
754 2060 783 2120 87
805 2060 879 2120 leere
905 2062 1099 2122 Kanalschiffe
1128 2063 1177 2123 und
1206 2063 1272 2123 acht

1329 2072 1340 2132 m
1388 2072 1489 2132 ganzen
1526 2071 1641 2131 669,447
1675 2072 1787 2132 Tonnen
1832 2074 1861 2134 (im

1899 2074 2022 2134 Vorjahr
2052 2074 2166 2134 579,778
2201 2075 2350 2135 Tonnen).

245 2093 394 2153 beladene.
419 2093 429 2153 —
482 2095 508 2155 In
543 2095 660 2155 unserem
710 2096 902 2156 Juniberichte
934 2096 1023 2156 haben
1062 2097 1112 2157 wir
1141 2098 1194 2158 auf
1222 2098 1265 2158 die

1326 2105 1414 2165 Davon
1448 2107 1590 2167 entfallen
1624 2108 1674 2168 auf

250 2128 335 2188 grosse
367 2129 655 2189 Verkehrsabnahme
686 2131 708 2191 im
754 2132 964 2192 Güterverkehr
992 2132 1184 2192 hingewiesen
1219 2131 1254 2191 we

1488 2149 1521 2209 die
1554 2152 1672 2212 Anfuhr

1919 2152 2030 2212 582,471
2055 2154 2189 2214 Tonnen,

247 2165 289 2225 gen
320 2166 457 2226 Bestehen
484 2167 533 2227 der
560 2167 675 2227 Surtaxe
702 2167 885 2227 d’Entrepôt,
904 2168 954 2228 wir
976 2168 1076 2228 wollen
1106 2169 1175 2229 aber
1198 2170 1267 2230 noch

1484 2188 1604 2248 hiervon

1626 2189 1706 2249 Rhein
1737 2188 1763 2248 zu
1794 2190 1869 2250 Berg

1929 2189 2026 2249 54,523
2055 2191 2189 2251 Tonnen,

246 2203 342 2263 sagen,
373 2203 438 2263 dass
473 2203 516 2263 die
552 2203 648 2263 grosse
687 2203 943 2263 Unerfahrenheit,
975 2204 1079 2264 welche
1118 2204 1171 2264 seit
1203 2206 1253 2266 dem

1624 2224 1704 2284 Rhein
1740 2224 1766 2284 zu
1801 2224 1858 2284 Tal

1937 2224 2027 2284 27,636
2056 2226 2171 2286 Tonnen

251 2236 343 2296 Kriege
365 2237 388 2297 in
415 2237 552 2297 gewissen
578 2239 693 2299 Kreisen
723 2239 837 2299 besteht
857 2239 879 2299 im
917 2240 1043 2300 direkten
1073 2242 1192 2302 Ankauf
1214 2242 1264 2302 und

1631 2259 1731 2319 Veckar
1761 2261 1796 2321 zu
1834 2260 1869 2320 Ta

1977 2260 2022 2320 312
2051 2261 2191 2321 Tonnen,

248 2272 404 2332 Transport
419 2272 636 2332 überseeischer
663 2273 819 2333 Produkte,
842 2275 907 2335 auch
933 2275 1032 2335 Schuld
1059 2276 1142 2336 daran
1173 2278 1223 2338 ist,

1481 2293 1522 2353 die
1551 2293 1644 2353 Abfuh

1939 2294 2024 2354 66,624
2052 2297 2167 2357 Tonnen

317 2311 349 2371 Es
376 2312 479 2372 erhellt
506 2312 554 2372 aus
585 2312 660 2372 einer
691 2314 833 2374 Enquête,
856 2314 900 2374 die
927 2315 979 2375 wir
1006 2315 1140 2375 gemacht
1168 2317 1254 2377 haben

1479 2329 1602 2389 hiervon

1620 2330 1701 2390 Rhein
1736 2329 1766 2389 zu
1796 2331 1869 2391 Berg

1961 2332 2022 2392 5,112
2051 2331 2167 2391 Tonnen

244 2347 306 2407 dass
332 2347 391 2407 die,
413 2348 516 2408 welche
546 2348 594 2408 zum
638 2349 763 2409 Beispiel
789 2350 888 2410 Kaffee
918 2351 1013 2411 direkt
1040 2351 1087 2411 von
1121 2351 1172 2411 den
1205 2351 1271 2411 Pro¬

1986 2365 2022 2425 196
2051 2367 2187 2427 Tonnen,

1636 2366 1735 2426 Veckar
1761 2366 1795 2426 zu
1830 2369 1898 2429 Berg

246 2384 496 2444 duktionsländern
529 2386 731 2446 importieren,
757 2386 845 2446 leicht
867 2387 948 2447 gegen
985 2387 1026 2447 die
1059 2387 1265 2447 konkurrieren

1625 2402 1704 2462 Rhein
1744 2402 1776 2462 zu
1820 2404 1876 2464 Tal

1943 2402 2025 2462 31,315
2053 2404 2189 2464 Tonnen.

245 2419 370 2479 können,
399 2419 444 2479 die
481 2420 532 2480 von
573 2420 665 2480 Havre
705 2420 757 2480 und
798 2422 938 2482 Marseille
978 2422 1151 2482 versenden.

1166 2422 1175 2482 —
1228 2425 1269 2485 Es

1390 2444 1441 2504 Der
1467 2444 1622 2504 Umschlag
1649 2444 1700 2504 von
1735 2446 1827 2506 Schiff
1851 2447 1878 2507 zu

1891 2447 1989 2507 Schiff
2015 2446 2122 2506 betrug

245 2455 336 2515 kostet
367 2456 450 2516 heute
493 2456 542 2516 per
576 2456 649 2516 Bahn
691 2456 740 2516 von
782 2458 874 2518 Havre
908 2458 977 2518 nach
1018 2459 1182 2519 Strassburg
1221 2460 1267 2520 per

1476 2485 1524 2545 auf
1547 2485 1600 2545 dem
1641 2485 1728 2545 Rhein

1942 2485 2022 2545 7,360
2050 2488 2169 2548 Tonnen

247 2491 335 2551 Tonne
369 2491 422 2551 Fr.
449 2491 525 2551 219.—
578 2492 628 2552 und
666 2492 715 2552 von
754 2494 921 2554 Amsterdam
967 2494 1016 2554 per
1051 2495 1268 2555 Eilgüterboote

1477 2522 1522 2582 auf
1545 2522 1597 2582 dem
1639 2522 1756 2582 Neckar

1951 2522 2023 2582 2,992
2051 2523 2186 2583 Tonnen.

245 2527 371 2587 Schilling
399 2527 454 2587 14.—
497 2527 544 2587 per
560 2527 671 2587 Tonne,
690 2528 745 2588 also
773 2528 820 2588 Fr.
828 2529 918 2589 86.—,
939 2530 1021 2590 schon
1049 2530 1096 2590 bei
1108 2531 1270 2591 Quantums

242 2564 288 2624 von
322 2564 387 2624 fünf
414 2564 497 2624 Sack.
520 2564 699 2624 Zinsverlust
722 2564 852 2624 entsteht
875 2565 989 2625 keiner,
1008 2566 1081 2626 denn
1111 2566 1153 2626 die
1187 2567 1267 2627 Ware

1390 2563 1439 2623 Der
1474 2564 1674 2624 Wasserstand
1712 2565 1761 2625 des
1796 2566 1921 2626 Rheines

1927 2567 2008 2627 zeigt
2030 2567 2056 2627 im
2103 2569 2209 2629 ganzen
2246 2569 2348 2629 Monat

245 2599 304 2659 wird
333 2599 392 2659 erst
411 2599 492 2659 sechs
521 2600 639 2660 Wochen
669 2600 735 2660 nach
765 2600 887 2660 Versand
916 2602 1045 2662 bezahlt,
1067 2602 1112 2662 wie
1141 2603 1189 2663 wir
1215 2603 1263 2663 von

1327 2602 1420 2662 nfolge
1461 2602 1510 2662 der
1547 2600 1704 2660 trockenen
1748 2602 1908 2662 Witterung

1934 2602 2057 2662 fallende
2099 2603 2252 2663 Tendenz.
2291 2605 2344 2665 Der

242 2635 364 2695 äusserst
389 2636 600 2696 zuverlässiger
629 2635 726 2695 Quelle
759 2635 910 2695 erfahren.
932 2636 988 2696 Für
1021 2636 1084 2696 Reis
1114 2638 1213 2698 kostet
1239 2639 1268 2699 es

1329 2635 1432 2695 nöchste
1472 2636 1668 2696 Wasserstand
1708 2637 1804 2697 betrug
1844 2638 1907 2698 laut
1937 2639 2139 2699 Mannheimer
2176 2639 2261 2699 Pegel
2294 2638 2323 2698 am

246 2672 292 2732 nur
326 2671 459 2731 Schilling
490 2671 566 2731 9.50.
589 2671 600 2731 —
650 2671 699 2731 Die
738 2671 855 2731 Surtaxe
890 2672 1061 2732 d’Entrepôt
1088 2674 1168 2734 muss
1198 2675 1270 2735 total

1315 2672 1343 2732 1.
1362 2672 1421 2732 Juli
1437 2672 1500 2732 1928
1528 2672 1575 2732 397
1598 2672 1658 2732 cm.
1673 2672 1725 2732 der
1744 2674 1902 2734 niedrigste
1925 2674 1953 2734 am
1992 2674 2039 2734 31.
2051 2675 2110 2735 Juli
2130 2675 2193 2735 1928
2220 2674 2268 2734 277
2291 2674 2347 2734 cm.

245 2707 469 2767 verschwinden,
495 2707 558 2767 weil
580 2707 631 2767 der
657 2707 745 2767 Hafen
778 2707 826 2767 von
855 2708 1025 2768 Antwerpen
1054 2710 1146 2770 grosse
1179 2710 1267 2770 Nach¬

1319 2707 1362 2767 Die
1394 2708 1666 2768 Neckarschiffahrt
1689 2710 1729 2770 ist
1752 2710 1863 2770 infolge
1894 2711 2123 2771 Niederwassers
2150 2711 2206 2771 seit
2233 2711 2281 2771 17.
2288 2712 2347 2772 Juli

244 2744 299 2804 teile
329 2743 388 2803 hat,
414 2743 465 2803 und
495 2743 568 2803 seine
598 2743 885 2803 Transportdienste,
907 2744 973 2804 nach
1003 2744 1055 2804 dem
1095 2746 1213 2806 Innern,
1235 2746 1264 2806 zu

1330 2743 1437 2803 jänzlich
1468 2746 1633 2806 stillgelegt.
1653 2747 1677 2807 In
1704 2746 1858 2806 Mannheim
1901 2746 1992 2806 wurde
2020 2746 2059 2806 die
2086 2746 2248 2806 Verladung
2276 2749 2342 2809 über

243 2779 379 2839 irregulär
397 2779 471 2839 sind.
489 2779 537 2839 Die
559 2779 780 2839 Umladespesen
810 2779 857 2839 vom
894 2780 1082 2840 Seedampfer
1100 2781 1152 2841 auf
1167 2782 1247 2842 Rhein

1322 2780 1482 2840 Heidelberg
1509 2782 1612 2842 hinaus
1636 2782 1743 2842 bereits
1765 2782 1796 2842 am
1834 2782 1880 2842 10.
1895 2782 1957 2842 Juli
1976 2782 2151 2842 eingestellt.

241 2815 321 2875 schiff
348 2815 409 2875 sind
440 2816 508 2876 sehr
535 2816 608 2876 hohe
642 2816 692 2876 und
726 2815 768 2875 oft
791 2815 864 2875 noch
899 2815 1055 2875 gepfeffert
1082 2816 1170 2876 durch
1204 2818 1266 2878 sehr

1390 2827 1579 2887 Mitteilungen
1611 2827 1654 2887 für
1685 2827 1725 2887 die
1756 2828 2020 2888 Rheinschiffahrt.
2048 2830 2103 2890 Der
2131 2831 2256 2891 Abbruch
2292 2831 2339 2891 der

242 2849 310 2909 hohe
337 2851 605 2911 Rollgeld-Spesen,
628 2851 681 2911 was
704 2851 727 2911 in
754 2851 804 2911 den
834 2852 1052 2912 holländischen
1082 2852 1170 2912 Häfen

1180 2854 1262 2914 ganz

1316 2866 1489 2926 Hochfelder
1514 2866 1621 2926 Brücke
1647 2866 1684 2926 ist
1702 2867 1725 2927 in
1750 2866 1864 2926 Angriff
1883 2866 2049 2926 genommen
2078 2866 2189 2926 worden
2218 2866 2270 2926 und
2299 2867 2339 2927 die

241 2885 416 2945 unbekannt
441 2887 492 2947 ist.

1189 2890 1217 2950 15

1319 2903 1547 2963 Sprengarbeiten
1587 2902 1616 2962 am
1668 2902 1778 2962 rechten
1822 2903 2021 2963 Strompfeiler
2051 2903 2143 2963 haben
2179 2905 2344 2965 begonnen.

313 2930 361 2990 Zum
405 2929 501 2989 letzten
538 2929 652 2989 Bericht
678 2929 748 2989 über
774 2929 825 2989 den
855 2930 1069 2990 Juni-Verkehr
1094 2932 1117 2992 im
1164 2933 1256 2993 Strass

1316 2938 1360 2998 Die
1386 2938 1515 2998 Arbeiten
1537 2938 1644 2998 dauern
1670 2938 1799 2998 mehrere
1825 2938 1954 2998 Monate.
1972 2938 2028 2998 Für
2050 2938 2090 2998 die
2112 2939 2267 2999 Ausübung
2293 2941 2338 3001 der

241 2968 340 3028 burger
370 2966 458 3026 Hafen
495 2966 620 3026 schreibt
649 2966 700 3026 uns
726 2966 770 3026 die
800 2968 1039 3028 Hafendirektion
1076 2968 1123 3028 von
1160 2969 1252 3029 Strass

1328 2974 1576 3034 Rheinschiffahrt,
1599 2974 1641 3034 die
1676 2975 1832 3035 möglichst
1855 2975 1943 3035 wenig
1977 2975 2203 3035 beeinträchtigt
2230 2975 2341 3035 werden

241 3002 322 3062 burg:
344 3002 403 3062 -Ihr
425 3002 601 3062 Mitarbeiter
619 3002 697 3062 stellt
719 3002 877 3062 Vergleiche
902 3003 932 3063 an
957 3004 1097 3064 zwischen
1123 3004 1170 3064 den
1200 3005 1251 3065 Ver

1318 3010 1378 3070 soll,
1396 3010 1456 3070 sind
1485 3010 1531 3070 von
1559 3010 1609 3070 der
1637 3011 2059 3071 Rheinstrombauverwaltung
2088 3011 2244 3071 besondere
2272 3011 2340 3071 Vor¬

241 3038 340 3098 kehren
361 3037 578 3097 verschiedener
596 3038 760 3098 Güterarten
788 3038 809 3098 in
837 3039 887 3099 den
909 3040 1008 3100 Jahren
1033 3040 1093 3100 1913
1121 3040 1171 3100 und
1200 3041 1263 3101 1927

1323 3043 1446 3103 schriften
1474 3043 1594 3103 erlassen
1625 3044 1755 3104 worden.
1772 3044 1882 3104 Ebenso
1910 3046 1968 3106 sind
1999 3046 2153 3106 besondere
2184 3046 2332 3106 Vorschrif

247 3074 291 3134 und
317 3073 486 3133 behauptet,
501 3073 526 3133 es
548 3073 618 3133 seien
648 3074 710 3134 1913
729 3074 751 3134 im
788 3074 891 3134 ganzen
916 3076 1005 3136 24,225
1030 3076 1144 3136 Tonnen
1170 3077 1247 3137 Petro

1320 3080 1352 3140 ten
1380 3080 1513 3140 bekannt
1534 3080 1670 3140 gemacht
1691 3080 1806 3140 worden
1838 3081 1881 3141 für
1906 3082 1949 3142 die
1977 3082 2156 3142 Durchfahrt
2181 3083 2267 3143 durch
2295 3082 2345 3142 das

242 3109 402 3169 importiert
425 3109 474 3169 und
505 3109 570 3169 1927
592 3109 646 3169 nur
669 3110 737 3170 noch
768 3110 833 3170 1761
859 3110 993 3170 Tonnen.
1012 3112 1191 3172 Tatsächlich
1221 3113 1264 3173 be¬

1323 3116 1547 3176 Montagegerüst
1573 3115 1621 3175 der
1647 3116 1735 3176 neuen
1768 3116 2029 3176 Köln-Mülheimer
2059 3118 2265 3178 Hängebrücke
2298 3119 2342 3179 bei

245 3149 295 3209 trug
325 3149 367 3209 die
397 3148 519 3208 Einfuhr
549 3148 614 3208 1927
641 3148 709 3208 aber
736 3149 827 3209 40,939
854 3149 987 3209 Tonnen.
1010 3149 1067 3209 Der
1094 3151 1181 3211 Irrtum
1223 3151 1264 3211 er¬

1315 3152 1342 3212 km
1380 3152 1491 3212 190,00.
1506 3151 1540 3211 An
1571 3151 1666 3211 beiden
1693 3152 1777 3212 Orten
1807 3152 1872 3212 wird
1899 3153 1941 3213 die
1968 3154 2128 3214 Schiffahrt
2147 3154 2231 3214 durch
2262 3155 2339 3215 War¬

241 3185 313 3245 klärt
333 3184 390 3244 sich
417 3184 500 3244 durch
527 3184 569 3244 die
596 3184 748 3244 Tatsache,
767 3185 832 3245 dass
855 3185 920 3245 1913
942 3185 966 3245 in
992 3185 1042 3245 der
1065 3187 1190 3247 Statistik
1217 3187 1266 3247 der

1316 3188 1433 3248 schauen
1459 3188 1584 3248 geregelt
1606 3188 1658 3248 und
1684 3188 1713 3248 es
1735 3188 1794 3248 sind
1823 3188 2029 3248 Schleppboote
2059 3189 2276 3249 bereitgestellt,
2298 3191 2338 3251 die

239 3220 540 3280 Zentralkommission
573 3221 618 3281 für
647 3220 687 3280 die
721 3220 974 3280 Rheinschiffahrt
1000 3221 1100 3281 Petrol
1125 3223 1177 3283 und
1210 3224 1261 3284 alle

1317 3224 1511 3284 unentgeltlich
1541 3223 1725 3283 Hilfsdienste
1750 3223 1864 3283 leisten.
1883 3224 1931 3284 Die
1956 3224 2085 3284 Schleuse
2111 3224 2122 3284 1
2140 3225 2192 3285 des
2214 3226 2317 3286 Rhein¬

247 3256 548 3316 Mineralölderivative
582 3256 664 3316 unter
699 3257 778 3317 einer
812 3257 915 3317 Rubrik
956 3257 1011 3317 No.
1028 3257 1058 3317 46
1086 3257 1267 3317 zusammen¬

1314 3259 1531 3319 Herne-Kanals
1564 3260 1630 3320 wird
1671 3260 1763 3320 wegen
1807 3260 1951 3320 grösserer
1991 3262 2333 3322 Ueberholungsarbeiten
