2919 3608
2463 305 2498 365 4

1589 547 1770 607 Basel,
1806 550 1891 610 den
1934 550 2024 610 20.
2066 548 2187 608 Juli
2229 548 2380 608 1929.

865 700 910 760 An
956 698 1037 758 die
1083 698 1254 758 Basler
1301 697 1765 757 Rheinschiffahrt
1799 698 1920 758 A.G.

1760 800 2068 860 Basel

1216 998 1293 1058 Die
1336 997 1752 1057 unterzeichnete
1797 997 1966 1057 Basler
2010 997 2612 1057 Personenschiffahrts-

608 1099 961 1159 gesellschaft
1002 1098 1047 1158 in
1093 1097 1230 1157 Basel
1281 1097 1355 1157 und
1401 1097 1481 1157 der
1520 1097 1937 1157 unterzeichnete
1977 1096 2085 1156 Kur-
2136 1096 2211 1156 und
2257 1094 2513 1154 Verkehrs-

601 1196 768 1256 verein
815 1196 1136 1256 Rheinfelden
1188 1196 1325 1256 sehen
1372 1197 1482 1257 sich
1523 1198 1697 1258 sowohl
1738 1198 1785 1258 im
1838 1198 2032 1258 eigenen
2080 1197 2216 1257 Namen
2263 1196 2342 1256 als
2389 1195 2499 1255 auch

617 1299 657 1359 im
702 1298 937 1358 Auftrage
983 1298 1057 1358 der
1103 1297 1338 1357 Gemeinde
1378 1297 1704 1357 Kaiseraugst
1744 1297 2071 1357 veranlasst,
2116 1297 2219 1357 Ihre
2265 1296 2625 1356 Gesellschaft

603 1400 902 1460 neuerdings
941 1399 992 1459 an
1036 1399 1110 1459 die
1155 1399 1454 1459 Einhaltung
1500 1397 1578 1457 der
1623 1397 1702 1457 von
1747 1397 1883 1457 Ihnen
1933 1397 1979 1457 im
2024 1396 2379 1456 Kaufvertrage
2430 1396 2537 1456 über

602 1499 684 1559 das
724 1498 1045 1558 Motorboot"
1087 1498 1443 1558 Rheinfelden"
1489 1498 1566 1558 vom
1612 1498 1694 1558 26.
1734 1498 1875 1558 April
1916 1498 2027 1558 1928
2074 1496 2424 1556 übernommenen

617 1598 1060 1658 Verpflichtungen
1109 1598 1154 1658 zu
1198 1598 1474 1658 erinnern.

1218 1699 1384 1759 Gemäss
1427 1699 1540 1759 Art.
1583 1699 1599 1759 5
1648 1698 1723 1758 des
1766 1697 2121 1757 vorerwähnten
2164 1696 2556 1756 Kaufvertrages
2600 1697 2680 1757 ist

607 1800 717 1860 Ihre
758 1798 1114 1858 Gesellschaft
1155 1797 1545 1857 verpflichtet,
1586 1796 1662 1856 die
1708 1796 2000 1856 Schiffahrt
2035 1796 2151 1856 nach
2192 1796 2513 1856 Rheinfelden
2559 1795 2606 1855 in

621 1901 689 1961 dem
740 1900 1024 1960 bisherigen
1069 1900 1149 1960 von
1194 1900 1273 1960 der
1313 1898 1483 1958 Basler
1528 1897 2459 1957 Personenschiffahrtsgesellschaft
2498 1894 2668 1954 durch-

614 2002 871 2062 geführten
919 2000 1059 2060 Masse
1100 1999 1341 2059 aufrecht
1381 1999 1428 2059 zu
1470 1999 1740 2059 erhalten.
1781 1999 1921 2059 Dabei
1962 1999 2044 2059 war
2085 1997 2161 2057 die
2202 1997 2408 2057 Meinung
2454 1996 2530 2056 der

609 2101 836 2161 Parteien
882 2101 996 2161 die,
1036 2101 1145 2161 dass
1190 2101 1356 2161 sowohl
1401 2099 1481 2159 die
1521 2099 1692 2159 Anzahl
1737 2099 1811 2159 der
1852 2098 2057 2158 Fahrten
2103 2098 2182 2158 als
2222 2096 2330 2156 auch
2376 2095 2456 2155 die
2496 2095 2575 2155 An-

615 2204 721 2264 zahl
765 2204 844 2264 der
889 2203 1147 2263 bedienten
1198 2203 1455 2263 Stationen
1506 2201 1579 2261 die
1623 2201 1825 2261 gleiche
1870 2200 2067 2260 bleiben
2111 2199 2291 2259 müsse.
2335 2198 2554 2258 Trotzdem

619 2303 729 2363 wird
769 2303 851 2363 die
891 2302 1088 2362 Station
1134 2302 1459 2362 Kaiseraugst
1500 2302 1576 2362 von
1622 2300 1755 2360 Ihnen
1802 2300 1848 2360 in
1894 2300 2091 2360 letzter
2138 2299 2248 2359 Zeit
2289 2297 2457 2357 wieder
2504 2296 2636 2356 unbe-

608 2405 753 2465 dient
797 2404 1081 2464 gelassen.

1205 2503 1403 2563 Infolge
1448 2502 1618 2562 dessen
1663 2501 1776 2561 wird
1822 2501 1958 2561 Ihnen
2003 2501 2179 2561 hiemit
2224 2500 2304 2560 zur
2349 2498 2643 2558 Wiederauf-

613 2605 749 2665 nahme
799 2604 875 2664 der
918 2603 1180 2663 Bedienung
1223 2603 1392 2663 dieser
1436 2603 1632 2663 Station
1681 2603 1790 2663 eine
1833 2602 2002 2662 letzte
2046 2602 2187 2662 Frist
2231 2601 2307 2661 von
2351 2600 2373 2660 8
2416 2599 2547 2659 Tagen
2596 2599 2672 2659 ge-

612 2707 783 2767 setzt.
794 2706 960 2766 Sollte
1006 2705 1086 2765 bis
1126 2705 1200 2765 zum
1251 2704 1297 2764 1.
1314 2704 1485 2764 August
1525 2704 1634 2764 1929
1680 2704 1754 2764 die
1800 2702 2154 2762 regelmässige
2194 2702 2456 2762 Bedienung
2502 2702 2673 2762 dieser

626 2806 821 2866 Station
860 2804 1006 2864 nicht
1045 2803 1218 2863 wieder
1262 2803 1580 2863 aufgenommen
1631 2803 1770 2863 sein,
1782 2803 1949 2863 müsste
1994 2803 2133 2863 gegen
2178 2803 2256 2863 Sie
2301 2803 2379 2863 der
2424 2803 2619 2863 Rechts-

619 2906 694 2966 weg
742 2906 1061 2966 beschritten
1104 2906 1312 2966 werden.
1354 2906 1610 2966 Ausserdem
1658 2905 1887 2965 behalten
1935 2905 2041 2965 sich
2084 2905 2164 2965 die
2206 2905 2558 2965 Geschädigten
