2845 3796
2462 263 2570 323 48

737 301 945 361 Basler
992 299 2129 359 Rheinschiffahrt-Aktiengesellschaft

1338 389 1541 449 Basel

390 463 625 523 STRASSBURG
657 463 666 523 -
689 463 777 523 KEHL
809 463 819 523 -
837 463 1054 523 KARLSRUHE
1086 463 1096 523 -
1114 463 1298 523 MANNHEIM
1335 463 1349 523 -
1367 463 1455 523 KÖLN
1488 463 1501 523 -
1520 461 1898 521 DUISBURG-RUHRORT
1921 461 1930 521 -
1953 461 2170 521 ROTTERDAM
2207 461 2216 521 -
2239 461 2465 521 ANTWERPEN

1538 891 1739 951 Basel,
1783 892 1858 952 den
1903 890 2230 950 7.Sept.1932

503 1069 792 1129 DIREKTION

1539 1126 1659 1186 Herr

1544 1178 2035 1238 Dr.M.Vischer-von
2087 1175 2262 1235 Planta

1546 1229 1818 1289 Basel

1555 1284 1883 1344 Albangraben
1926 1282 1943 1342 8

668 1471 1380 1531 Betr.Personenschiffahrt

668 1685 775 1745 Sehr
821 1684 1064 1744 geehrter
1103 1684 1222 1744 Herr

1304 1756 1379 1816 Wir
1425 1759 1650 1819 erlauben
1696 1757 1846 1817 uns,
1887 1756 1968 1816 auf
2008 1756 2089 1816 das
2129 1753 2360 1813 Gespräch

681 1843 1152 1903 zurückzukommen,
1188 1840 1272 1900 das
1307 1840 1392 1900 Sie
1434 1839 1476 1899 in
1526 1838 1659 1898 Ihrer
1702 1836 2025 1896 Eigenschaft
2068 1834 2145 1894 als
2187 1831 2356 1891 Präsi-

682 1922 788 1982 dent
821 1922 908 1982 der
948 1918 1876 1978 Personenschiffahrtsgesellschaft
1916 1913 1996 1973 mit
2029 1912 2176 1972 Herrn
2216 1910 2416 1970 Schiff-

673 2002 1027 2062 bauingenieur
1061 1999 1266 2059 Ryniker
1307 1997 1511 2057 geführt
1552 1996 1689 2056 haben
1736 1994 1845 2054 über
1886 1994 1968 2054 die
2009 1993 2295 2053 Verwendung
2343 1990 2424 2050 des

676 2080 964 2140 restlichen
1003 2077 1726 2137 Genossenschaftskapitales
1766 2074 1847 2134 der
1887 2071 2476 2131 Personenschiffahrts-

665 2159 1037 2219 gesellschaft
1080 2158 1098 2218 .

978 2237 1056 2297 Mit
1093 2237 1172 2297 der
1215 2236 1476 2296 Eröffnung
1518 2234 1598 2294 des
1640 2233 1968 2293 Kraftwerkes
2004 2231 2150 2291 Kembs
2187 2230 2272 2290 ist
2309 2229 2424 2289 eine

671 2318 896 2378 Belebung
942 2317 1019 2377 der
1064 2315 1598 2375 Personenschiffahrt
1643 2313 1688 2373 zu
1734 2312 2024 2372 erwarten,
2068 2311 2145 2371 der
2184 2311 2268 2371 das
2307 2309 2454 2369 jetzt

684 2398 968 2458 vorhandene
1012 2395 1458 2455 Schiffsmaterial
1496 2393 1613 2453 nicht
1651 2392 1761 2452 mehr
1806 2392 2000 2452 genügen
2044 2389 2283 2449 dürfte.
2315 2387 2457 2447 Neben

680 2479 753 2539 der
793 2477 1054 2537 täglichen
1094 2476 1294 2536 Führung
1342 2474 1482 2534 eines
1522 2473 1696 2533 Kurses
1729 2471 1843 2531 nach
1883 2470 2204 2530 Rheinfelden
2251 2467 2357 2527 wird

677 2557 752 2617 die
795 2557 995 2617 Führung
1045 2555 1182 2615 eines
1226 2554 1400 2614 Kurses
1438 2553 1544 2613 nach
1587 2551 1856 2611 Kraftwerk
1899 2549 2043 2609 Kembs
2080 2548 2224 2608 nötig
2268 2548 2374 2608 sein

679 2636 722 2696 so
765 2636 877 2696 dass
921 2635 1362 2695 ausschliesslich
1411 2632 1486 2692 für
1529 2631 1610 2691 den
1654 2629 2100 2689 Personenverkehr
2144 2627 2249 2687 zwei
2293 2627 2435 2687 Boote

682 2713 936 2773 vorhanden
985 2713 1087 2773 sein
1136 2711 1373 2771 müssen.
1409 2711 1488 2771 Wir
1530 2710 1670 2770 haben
1712 2708 1792 2768 uns
1834 2707 1912 2767 aus
1955 2707 2125 2767 dieser
2167 2705 2398 2765 Erwägung

679 2795 847 2855 heraus
892 2792 1241 2852 entschlossen
1293 2791 1364 2851 ein
1409 2789 1610 2849 weitres
1649 2788 1733 2848 nur
1778 2788 1855 2848 für
1894 2786 1972 2846 den
2017 2783 2366 2843 Personenver-

675 2873 778 2933 kehr
820 2872 1118 2932 bestimmtes
1155 2871 1270 2931 Boot
1313 2870 1659 2930 anzuschaffen
1714 2868 1787 2928 und
1823 2866 2000 2926 hatten
2042 2864 2182 2924 dabei
2225 2863 2303 2923 die

675 2953 780 3013 Idee
819 2953 839 3013 ,
878 2952 990 3012 dass
1036 2951 1116 3011 bei
1155 2950 1325 3010 dieser
1365 2948 1694 3008 Gelegenheit
1733 2946 1813 3006 das
1852 2945 1964 3005 noch
2010 2944 2056 3004 ca
2096 2944 2181 3004 Frs
2220 2942 2451 3002 33.000.-

686 3031 967 3091 betragende
1007 3028 1667 3088 Genossenschaftskapital
1707 3025 1786 3085 der
1831 3022 2420 3082 Personenschiffahrts-

683 3109 1032 3169 gesellschaft
1079 3107 1248 3167 seiner
1288 3107 1697 3167 ursprünglichen
1744 3102 2188 3162 Zweckbestimmung
2235 3095 2255 3155 -

693 3190 884 3250 Betrieb
930 3188 1004 3248 und
1050 3187 1374 3247 Entwicklung
1420 3187 1499 3247 der
1539 3184 2082 3244 Personenschiffahrt
2121 3180 2141 3240 -
2180 3178 2352 3238 wieder

686 3269 949 3329 zugeführt
987 3268 1157 3328 werden
1200 3268 1370 3328 könnte
1419 3268 1436 3328 .
