2844 3797
917 496 991 556 Wir
1034 496 1265 556 erlauben
1313 497 1420 557 uns,
1436 497 1511 557 der
1554 499 1785 559 Hoffnung
1833 499 2063 559 Ausdruck
2112 498 2154 558 zu
2202 497 2278 557 ver
2320 497 2336 557 =

637 578 867 638 leihen,
909 577 1019 637 dass
1061 577 1139 637 Ihr
1181 575 1416 635 Vorstand
1459 575 1506 635 in
1553 577 1689 637 einer
1731 577 1966 637 nächsten
2014 578 2212 638 Sitzung
2260 578 2364 638 sich

648 656 689 716 in
735 656 1019 716 bejahendem
1071 656 1205 716 Sinne
1252 656 1298 716 zu
1339 656 1541 716 unserer
1582 658 1810 718 Anregung
1856 658 2057 718 äussert
2134 658 2207 718 und
2253 658 2356 718 sind

647 736 783 796 gerne
829 735 1064 795 bereit,
1106 736 1242 796 Ihnen
1289 736 1335 796 in
1383 736 1733 796 persönlicher
1779 737 2098 797 Unterredung
2145 736 2254 796 alle

651 815 870 875 weiteren
917 815 1215 875 Auskünfte,
1230 817 1361 877 deren
1408 817 1486 877 Sie
1533 817 1612 877 zur
1653 817 2034 877 Unterbreitung
2082 817 2285 877 unseres

652 893 964 953 Vorschlages
1006 894 1054 954 an
1096 895 1234 955 Ihren
1281 896 1508 956 Vorstand
1557 896 1847 956 bedürfen,
1889 898 1932 958 zu
1980 896 2270 956 erteilen.

1010 1051 1093 1111 Mit
1132 1052 1486 1112 vorzüglicher
1531 1055 1857 1115 Hochachtung
1907 1054 1923 1114 :

782 1160 957 1220 Basler
999 1160 1461 1220 Rheinschiffahrt
1502 1160 2048 1220 Aktiengesellschaft

1051 1335 1203 1395 Ee
