2952 4472
677 620 1005 680 Rheinfelden
1050 619 1126 679 und
1166 617 1500 677 Basel-Kembs
1544 617 1840 677 Verwendung
1878 617 2052 677 finden
2097 619 2245 679 soll.

1117 721 1192 781 Die
1233 719 1411 779 Basler
1453 716 2500 776 Rheinschiffahrt-Aktiengesellschaft
2541 718 2657 778 wird

695 822 769 882 der
809 820 984 880 Basler
1024 818 1968 878 Personenschiffahrtsgesellschaft
2001 820 2082 880 zur
2123 820 2425 880 Sicherheit
2466 820 2547 880 für
2587 820 2668 880 das

693 919 1167 979 Darlehenskapital
1206 917 1349 977 nebst
1394 917 1564 977 Zinsen
1602 917 1719 977 eine
1758 917 2206 977 Schiffshypothek
2251 919 2453 979 zweiten
2498 920 2667 980 Ranges

693 1020 766 1080 auf
805 1019 985 1079 diesem
1024 1018 1197 1078 Schiff
1237 1018 1536 1078 einräumen,
1576 1019 1749 1079 hinter
1795 1019 1875 1079 der
1922 1021 1962 1081 in
2008 1021 2087 1081 dem
2128 1022 2214 1082 für
2254 1022 2400 1082 erste
2440 1022 2672 1082 Hypothe-

691 1122 765 1182 kon
806 1118 1042 1178 üblichen
1084 1116 1293 1176 Umfange
1334 1116 1747 1176 aufzunehmenden
1795 1117 1964 1177 ersten
2011 1118 2282 1178 Hypothek.

1476 1267 1572 1327 II.

1116 1391 1194 1451 Die
1233 1390 1410 1450 Basler
1455 1388 2493 1448 Rheinschiffahrt-Aktiengesellschaft
2533 1391 2617 1451 be-

695 1489 889 1549 stätigt
928 1488 1038 1548 ihre
1083 1487 1258 1547 früher
1297 1486 1562 1546 gegenüber
1607 1486 1685 1546 der
1724 1486 1898 1546 Basler
1944 1484 2603 1544 Personenschiffahrtsge-

687 1587 983 1647 sellschaft
1023 1585 1097 1645 und
1144 1583 1225 1643 dem
1271 1583 1373 1643 Kur-
1420 1583 1500 1643 und
1540 1583 1957 1643 Verkehrsverein
1997 1585 2320 1645 Rheinfelden
2367 1583 2629 1643 eingegan-

697 1687 824 1747 genen
872 1682 1356 1742 Verpflichtungen.
1396 1682 1746 1742 Insbesondere
1786 1682 1995 1742 leistet
2035 1682 2109 1742 sie
2156 1682 2331 1742 Gewähr
2371 1682 2546 1742 dafür,
2587 1682 2694 1742 dass

684 1788 760 1848 sie
801 1786 1007 1846 während
1048 1786 1131 1846 der
1172 1786 1282 1846 Zeit
1331 1786 1406 1846 des
1447 1786 1749 1846 Darlehens,
1785 1786 1867 1846 die
1908 1786 2238 1846 Kursfahrten
2279 1783 2389 1843 nach
2431 1780 2602 1840 Rhein-

693 1888 857 1948 felden
903 1887 949 1947 in
990 1886 1069 1946 dem
1115 1886 1294 1946 früher
1333 1886 1412 1946 von
1452 1886 1531 1946 der
1571 1885 1749 1945 Basler
1789 1883 2574 1943 Personenschiffahrtsgesell-

699 1988 863 2048 schaft
902 1986 1218 2046 betriebenem
1270 1985 1473 2045 Umfange
1513 1987 1862 2047 weiterführen
1907 1987 2052 2047 wird;
2124 1987 2236 2047 über
2275 1985 2354 2045 die
2394 1984 2597 2044 Einzel-

696 2086 859 2146 heiten
902 2086 1072 2146 werden
1122 2084 1228 2144 sich
1273 2084 1354 2144 die
1398 2084 1637 2144 Parteien
1674 2084 1755 2144 auf
1800 2084 1881 2144 dem
1925 2083 2440 2143 Korrespondenzwege
2477 2081 2590 2141 ver-

694 2180 989 2240 ständigen.
1020 2179 1198 2239 Ferner
1236 2179 1594 2239 verpflichtet
1633 2180 1718 2240 sie
1757 2180 1905 2240 sich,
1943 2180 2238 2240 anlässlich
2285 2179 2362 2239 der
2402 2177 2634 2237 General-

697 2279 1077 2339 versammlungen
1121 2278 1203 2338 der
1242 2278 1419 2338 Basler
1457 2278 2395 2338 Personenschiffahrtsgesellschaft
2439 2278 2516 2338 den
2560 2278 2635 2338 Ge-

685 2380 1129 2440 nossenschaftern
1173 2378 1313 2438 freie
1351 2378 1496 2438 Fahrt
1534 2379 1617 2439 mit
1661 2380 1794 2440 einem
1845 2381 2136 2441 Kursschiff
2181 2381 2263 2441 sei
2308 2381 2352 2441 es
2390 2381 2504 2441 nach
2549 2379 2719 2439 Rhein-

692 2483 858 2543 felden
904 2482 1017 2542 oder
1057 2482 1176 2542 nach
1209 2482 1568 2542 Kembs/Istein
1614 2482 1660 2542 zu
1707 2480 1971 2540 gewähren.

1519 2614 1644 2674 III.

1118 2717 1191 2777 Die
1230 2716 1402 2776 Basler
1448 2714 2388 2774 Personenschiffahrtsgesellschaft
2427 2717 2665 2777 erklärt,

690 2817 794 2877 dass
834 2816 912 2876 sie
952 2815 1168 2875 während
1207 2815 1286 2875 der
1332 2815 1476 2875 Dauer
1541 2815 1627 2875 des
1673 2815 1935 2875 Darlehens
1981 2815 2125 2875 weder
2170 2815 2459 2875 direktnoch
2504 2811 2649 2871 indi-

700 2914 836 2974 rekt,
879 2913 953 2973 das
997 2912 1170 2972 heisst
1207 2912 1350 2972 weder
1393 2912 1536 2972 durch
1580 2912 1777 2972 eigenen
1821 2914 2025 2974 Betrieb
2062 2914 2174 2974 noch
2218 2914 2261 2974 in
2304 2914 2416 2974 Form
2465 2914 2540 2974 von
2583 2912 2663 2972 Be-

689 3013 953 3073 teiligung
997 3012 1048 3072 an
1092 3011 1262 3071 andern
1306 3013 1729 3073 Unternehmungen
1772 3016 2384 3076 Personenschiffahrten
2428 3016 2504 3076 auf
2548 3016 2623 3076 dem

692 3113 834 3173 Rhein
875 3112 1214 3172 durchführen
1262 3114 1417 3174 wird.

1556 3215 1638 3275 IV.

1121 3322 1160 3382 Im
1205 3320 1349 3380 Falle
1388 3319 1473 3379 von
1512 3319 1929 3379 Streitigkeiten
1982 3322 2093 3382 über
2132 3322 2216 3382 den
2256 3321 2614 3381 vorliegenden

699 3422 904 3482 Vertrag
944 3421 1269 3481 unterwerfen
1315 3421 1428 3481 sich
1474 3421 1547 3481 die
1594 3422 1826 3482 Parteien
1866 3422 1945 3482 dem
1992 3422 2317 3482 endgiltigen
2363 3422 2535 3482 Urteil
2575 3421 2721 3481 eines

687 3523 1164 3583 Schiedsgerichts,
1183 3523 1262 3583 das
1301 3521 1387 3581 wie
1426 3521 1576 3581 folgt
1615 3521 2067 3581 zusammengesetzt
2106 3521 2218 3581 sein
2263 3521 2407 3581 soll:
2479 3523 2590 3583 Jede

683 3626 852 3686 Partei
890 3623 1098 3683 ernennt
1143 3623 1280 3683 einen
1319 3625 1772 3685 Schiedsrichter,
1819 3626 1896 3686 und
1935 3626 2078 3686 diese
2117 3626 2292 3686 beiden
2330 3624 2538 3684 Schieds
2577 3620 2596 3680 -
