2918 3610
566 781 608 841 ER

2485 239 2513 299 5

1546 634 1718 694 Basel,
1761 635 1840 695 den
1883 634 2242 694 23.September
2285 637 2428 697 1932.

1167 881 1332 941 Basler
1376 880 1852 940 RheinschiffahrtS
1873 881 2421 941 Aktiengesellschaft

1943 982 2219 1042 Direktion

1866 1084 2154 1144 BASEL

1874 1178 2180 1238 Marktgasse
2225 1186 2278 1246 5.

1042 1328 1112 1388 Ich
1151 1328 1292 1388 komme
1337 1328 1415 1388 auf
1460 1328 1537 1388 Ihr
1576 1328 1814 1388 Geehrtes
1853 1330 1930 1390 vom
1975 1330 2027 1390 5.
2065 1331 2149 1391 ds.
2188 1331 2355 1391 zurück
2400 1331 2477 1391 und
2522 1330 2605 1390 be-

786 1430 900 1490 ehre
936 1429 1087 1489 mich,
1130 1428 1266 1488 Ihnen
1302 1429 1668 1489 mitzuteilen,
1704 1429 1812 1489 dass
1855 1430 1934 1490 der
1977 1430 2207 1490 Vorstand
2250 1432 2351 1492 sich
2393 1432 2443 1492 in
2494 1432 2601 1492 sei-

788 1528 865 1588 ner
903 1529 1108 1589 Sitzung
1153 1529 1229 1589 vom
1274 1530 1358 1590 22.
1402 1531 1492 1591 ds.
1524 1531 1607 1591 mit
1652 1532 1786 1592 Ihrem
1831 1532 2094 1592 Vorschlag
2138 1534 2285 1594 betr.
2323 1534 2554 1594 Darlehen

793 1631 867 1691 von
908 1628 1245 1688 Fr.33'000.-
1285 1630 1495 1690 befasst
1535 1631 1650 1691 hat.

1030 1726 1106 1786 Der
1145 1727 1379 1787 Vorstand
1423 1729 1506 1789 ist
1550 1730 1747 1790 bereit,
1785 1731 1874 1791 auf
1912 1732 1988 1792 den
2032 1732 2292 1792 Vorschlag
2343 1730 2508 1790 einzu-

795 1829 992 1889 treten,
1030 1829 1107 1889 hat
1157 1829 1323 1889 jedoch
1368 1829 1731 1889 beschlossen,
1769 1829 1845 1889 Sie
1890 1829 2094 1889 vorerst
2131 1829 2183 1889 um
2221 1829 2520 1889 Mitteilung

794 1928 928 1988 eines
971 1928 1111 1988 etwas
1154 1930 1601 1990 dotaillierteren
1649 1930 1913 1990 Programms
1956 1930 2035 1990 des
2071 1931 2151 1991 von
2200 1931 2334 1991 Ihnen
2384 1931 2432 1991 in
2475 1931 2554 1991 den

792 2029 1008 2089 nächsten
1054 2029 1228 2089 Jahren
1270 2029 1316 2089 in
1362 2030 1595 2090 Aussicht
1636 2030 1928 2090 genommenen
1974 2030 2568 2090 Personenschiffahrts-

792 2128 1042 2188 betriebes
1088 2129 1134 2189 zu
1175 2129 1385 2189 bitten.
1448 2131 1623 2191 Ferner
1663 2132 1837 2192 möchte
1878 2132 1925 2192 er
1965 2133 2111 2193 nicht
2151 2134 2232 2194 das
2274 2134 2471 2194 gesamte
2517 2134 2622 2194 Ver-

792 2230 924 2290 mögen
967 2230 1046 2290 der
1089 2230 1447 2290 Gesellschaft
1483 2231 1781 2291 festlegen,
1817 2233 2018 2293 sondern
2066 2233 2144 2293 nur
2181 2233 2296 2293 eine
2339 2234 2479 2294 Summe
2521 2234 2600 2294 von

784 2329 1109 2389 Fr.20/000.-
1152 2329 1223 2389 bis
1272 2329 1358 2389 Fr.
1365 2329 1592 2389 25'000.-
1641 2330 1719 2390 als
1762 2332 1989 2392 Darlehen
2031 2333 2300 2393 hingeben.

1031 2429 1143 2489 Herr
1179 2429 1384 2489 Ryniker
1427 2430 1539 2490 wird
1582 2431 1719 2491 Ihnen
1762 2431 1867 2491 noch
1910 2432 2139 2492 mündlich
2183 2432 2356 2492 nähere
2400 2432 2598 2492 Mittei-

785 2530 957 2590 lungen
997 2530 1203 2590 machen.
1272 2530 1449 2590 Ferner
1495 2530 1632 2590 steht
1672 2530 1753 2590 der
1798 2531 2211 2591 Unterzeichnete
2263 2531 2337 2591 für
2377 2531 2583 2591 weitere

795 2629 1173 2689 Verhandlungen
1215 2630 1362 2690 betr.
1398 2632 1477 2692 die
1521 2632 1850 2692 Bedingungen
1887 2633 1966 2693 des
2014 2633 2277 2693 Darlehens
2320 2633 2362 2693 zu
2412 2633 2551 2693 Ihrer

784 2734 1108 2794 Verfügung.

1750 2833 1797 2893 In
1837 2833 2184 2893 Hochachtung
