2842 3799
2442 239 2566 299 52

348 377 625 437 BASLER
694 377 1503 437 RHEINSCHIFFAHRT
1560 382 2507 442 AKTIENGESELLSCHAFT

339 508 594 568 BASEL
702 507 731 567 *
829 506 1261 566 MARKTGASSE
1310 508 1329 568 5

346 671 515 731 Telephon:
533 671 594 731 No.
611 670 711 730 24.790
755 670 768 730 •
815 670 1011 730 Telegramm:
1028 670 1172 730 Navibale
1219 671 1232 731 •
1276 671 1541 731 Postcheckkonto:
1558 671 1576 731 V
1606 672 1671 732 3012
1714 673 1727 733 .
1767 673 2058 733 Bankverbindung:
2075 673 2214 733 Schweiz.
2227 673 2401 733 Bankverein
2431 673 2514 733 Basel

1753 844 1926 904 Basel,
1973 848 2051 908 den
2093 845 2367 905 4.Oktober
2414 846 2533 906 1932

1760 896 1844 956 R/M

514 1039 655 1099 Herrn
698 1043 791 1103 Dr.
828 1042 908 1102 Max
951 1042 1197 1102 Vischer,

530 1094 735 1154 Advokat
773 1093 853 1153 und
896 1094 1069 1154 Notar,

529 1142 833 1202 Basel.

868 1159 872 1219 —

531 1195 606 1255 St.
644 1195 979 1255 Albangraben
1017 1195 1070 1255 8.

802 1444 871 1504 Wir
919 1445 1205 1505 bestätigen
1253 1445 1333 1505 den
1375 1445 1572 1505 Empfang
1620 1445 1757 1505 Ihres
1800 1445 2092 1505 Schreibens
2135 1446 2209 1506 vom
2262 1447 2336 1507 23.

528 1546 783 1606 September
831 1546 910 1606 und
948 1546 1086 1606 haben
1134 1546 1219 1606 mit
1256 1546 1516 1606 Vergnügen
1564 1546 1702 1606 davon
1744 1547 1973 1607 Kenntnis
2015 1548 2281 1608 genommen,
2324 1550 2429 1610 dass

523 1645 600 1705 die
643 1646 1583 1706 Personenschiffahrtsgesellschaft
1622 1648 2004 1708 grundsätzlich
2053 1649 2228 1709 bereit
2267 1651 2375 1711 ist,

531 1747 603 1807 uns
651 1748 729 1808 den
771 1748 939 1808 Betrag
987 1748 1065 1808 von
1107 1748 1191 1808 Fr.
1233 1748 1557 1808 20/25.000.-
1599 1750 1677 1810 als
1725 1750 1953 1810 Darlehen
2001 1751 2079 1811 zur
2121 1752 2385 1812 Verfügung

524 1846 566 1906 zu
614 1846 862 1906 stellen.

815 1945 885 2005 Wir
926 1946 1339 2006 beabsichtigen,
1380 1948 1430 2008 in
1471 1948 1551 2008 der
1592 1948 1854 2008 kommenden
1894 1948 2066 2008 Saison
2105 1948 2186 2008 die
2226 1949 2337 2009 Per-

527 2047 978 2107 sonenschiffahrt
1015 2047 1186 2107 sowohl
1228 2047 1337 2107 nach
1378 2048 1737 2108 Rheinfelden,
1778 2050 1856 2110 als
1898 2050 2007 2110 auch
2053 2050 2282 2110 talwärts
2324 2049 2432 2109 nach

529 2146 663 2206 Kembs
715 2147 787 2207 und
829 2147 999 2207 weiter
1040 2149 1304 2209 bedeutend
1350 2149 1671 2209 auszubauen.
1707 2150 1785 2210 Wir
1826 2150 1966 2210 haben
2012 2150 2059 2210 zu
2105 2150 2271 2210 diesem
2322 2150 2487 2210 Zweck,

530 2249 599 2309 wie
641 2249 721 2309 wir
768 2249 901 2309 Ihnen
948 2249 1149 2309 bereits
1191 2251 1488 2311 mitgeteilt
1525 2251 1694 2311 haben,
1737 2251 1816 2311 ein
1859 2252 1996 2312 neues
2039 2252 2509 2312 Schnellpersonen-

532 2347 643 2407 boot
674 2348 913 2408 bestellt
955 2348 1029 2408 und
1066 2349 1209 2409 haben
1251 2350 1331 2410 uns
1373 2350 1632 2410 ausserdem
1680 2350 2061 2410 entschlossen,
2103 2350 2177 2410 die
2230 2351 2606 2411 "Rheinfelden"

519 2449 601 2509 mit
639 2450 750 2510 zwei
789 2450 962 2510 neuen,
1006 2450 1266 2510 stärkeren
1309 2450 1507 2510 Motoren
1555 2450 1911 2510 auszurüsten.
1950 2452 2119 2512 Sowohl
2167 2452 2244 2512 das
2287 2452 2393 2512 neue

527 2551 697 2611 Schiff
735 2551 814 2611 als
862 2551 936 2611 die
979 2551 1240 2611 umgebaute
1293 2551 1670 2611 "Rheinfelden"
1713 2552 1883 2612 werden
1931 2552 2069 2612 statt
2111 2552 2185 2612 der
2228 2552 2520 2612 bisherigen

523 2650 971 2710 Geschwindigkeit
1009 2650 1085 2710 von
1133 2650 1214 2710 ca.
1246 2650 1268 2710 9
1312 2650 1328 2710 -
1371 2650 1420 2710 10
1463 2650 1506 2710 km
1555 2650 1695 2710 gegen
1738 2650 1815 2710 den
1858 2650 1992 2710 Strom
2041 2651 2144 2711 eine
2187 2653 2538 2713 Geschwindig-

518 2750 632 2810 keit
671 2750 746 2810 von
791 2750 837 2810 13
883 2750 900 2810 -
940 2750 991 2810 14
1032 2750 1077 2810 km
1128 2750 1174 2810 im
1220 2750 1357 2810 Strom
1408 2750 1482 2810 und
1528 2750 1568 2810 25
1614 2751 1631 2811 -
1676 2752 1722 2812 27
1768 2752 1813 2812 km
1859 2752 1905 2812 im
1950 2752 2150 2812 stillen
2196 2753 2361 2813 Wasser
2407 2755 2515 2815 ent-

517 2851 750 2911 wickeln.
790 2851 864 2911 Wir
909 2851 1075 2911 hoffen
1126 2851 1325 2911 dadurch
1371 2851 1445 2911 die
1485 2852 1730 2912 Fahrzeit
1764 2852 1872 2912 nach
1912 2854 2236 2914 Rheinfelden
2282 2855 2566 2915 wesentlich

525 2951 847 3011 abzukürzen,
890 2951 1054 3011 sodass
1098 2951 1174 3011 wir
1223 2951 1273 3011 an
1316 2951 1453 3011 Sonn-
1502 2951 1573 3011 und
1617 2953 1911 3013 Feiertagen
1955 2953 1999 3013 am
2048 2956 2376 3016 Nachmittag,
2419 2957 2490 3017 und

523 3052 629 3112 wenn
678 3052 758 3112 der
795 3052 971 3112 Bedarf
1014 3052 1276 3112 vorhanden
1318 3052 1430 3112 ist,
1473 3053 1734 3113 eventuell
1783 3055 1884 3115 auch
1932 3055 1975 3115 am
2023 3055 2321 3115 Vormittag,
2359 3055 2471 3115 zwei

510 3151 711 3211 Fahrten
752 3152 864 3212 nach
905 3151 1235 3211 Rheinfelden
1283 3151 1796 3211 ausführenskönhen.

1331 3197 1407 3257 ode
1438 3194 1529 3254 dev,
1543 3194 1718 3254 Ienfel

791 3251 873 3311 Mit
914 3252 990 3312 dem
1031 3253 1175 3313 neuen
1216 3253 1366 3313 Boot/
1373 3254 1757 3314 beabsichtigen
1798 3256 1874 3316 wir
1915 3256 2244 3316 regelmässig
2285 3257 2395 3317 nach
2442 3257 2517 3317 der

513 3353 735 3413 Schleuse
782 3355 922 3415 Kembs
969 3355 1168 3415 /Istein
1215 3355 1291 3415 und
1332 3355 1449 3415 evt.
1484 3356 1812 3416 Rheinweiler
1853 3356 1900 3416 zu
1947 3356 2152 3416 fahren.
2192 3357 2269 3417 Die
2315 3358 2578 3418 Rückfahrt
