2836 3799
1463 272 1475 332 -
1520 274 1540 334 3
1585 271 1598 331 -

1780 370 2087 430 Basel.

2261 370 2512 430 4.10.32.

536 379 678 439 Herrn
726 377 814 437 Dr.
846 376 932 436 Max
972 374 1219 434 Vischer,

537 479 640 539 über
689 479 762 539 die
804 478 1158 538 Umgestaltung
1206 476 1280 536 der
1322 475 1469 535 Mauer
1511 474 1773 534 unterhalb
1816 473 1895 533 der
1937 472 2230 532 Konditorei
2279 470 2534 530 Spillmann

542 580 584 640 zu
633 580 773 640 einem
815 578 1017 638 zweiten
1059 577 1450 637 Landungssteg,
1492 574 1632 634 damit
1675 574 1748 634 der
1790 572 1992 632 Verkehr
2035 572 2144 632 nach
2187 571 2515 631 Rheinfelden

542 680 619 740 und
662 680 740 740 der
783 679 987 739 Verkehr
1031 677 1141 737 nach
1185 676 1328 736 Kembs
1372 674 1614 734 getrennt
1647 673 1817 733 werden
1861 673 2009 733 kann.

1091 776 1202 836 Dies
1242 775 1353 835 sind
1393 775 1440 835 in
1487 774 1685 834 grossen
1731 773 1871 833 Zügen
1912 772 2081 832 unsere
2127 770 2267 830 Pläne
2314 769 2389 829 für

545 880 617 940 die
664 879 860 939 nächste
908 876 1694 936 Personenschiffahrtssaison.
1729 874 1998 934 Definitiv
2039 872 2206 932 können
2254 871 2390 931 diese

556 982 689 1042 Pläne
742 980 899 1040 jedoch
946 979 1062 1039 erst
1097 978 1271 1038 werden
1306 977 1417 1037 nach
1463 976 1940 1036 Inbetriebsetzung
1982 974 2063 1034 des
2104 974 2243 1034 neuen
2290 973 2517 1033 Schiffes

557 1082 628 1142 und
669 1081 782 1141 nach
829 1079 900 1139 dem
947 1078 1083 1138 Umbau
1125 1078 1201 1138 der
1255 1076 1662 1136 "Rheinfelden",
1704 1075 1752 1135 da
1793 1075 1869 1135 zur
1917 1075 2236 1135 endgültigen
2284 1073 2354 1133 Ge-

543 1183 772 1243 staltung
816 1183 894 1243 des
937 1181 1228 1241 Fahrplanes
1270 1180 1386 1240 erst
1422 1178 1774 1238 Probefahrten
1822 1177 2114 1237 ausgeführt
2156 1175 2319 1235 werden

536 1282 767 1342 müssen.

1093 1378 1162 1438 Wir
1209 1378 1384 1438 werden
1426 1376 1574 1436 nicht
1617 1376 1918 1436 versäumen,
1961 1376 2035 1436 Sie
2082 1376 2225 1436 stets
2273 1375 2347 1435 auf

559 1485 628 1545 dem
674 1484 934 1544 laufenden
975 1483 1022 1543 zu
1068 1481 1236 1541 halten
1282 1480 1386 1540 über
1432 1480 1600 1540 unsere
1641 1478 1907 1538 Absichten
1947 1477 1993 1537 in
2040 1477 2115 1537 der
2161 1477 2421 1537 Personen-

557 1586 895 1646 schiffahrt.

1537 1679 1620 1739 Mit
1665 1679 2025 1739 vorzüglicher
2075 1678 2408 1738 Hochachtung

1858 1730 2026 1790 BASLER

1419 1778 2470 1838 RHEINSCHIFFARRT-AKTIENGESELLSCHAFT

1683 1973 1918 2033 wilw
