2922 3607
354 354 526 414 BASLER
572 358 1514 418 PERSONENSCHIFFAHRTSGESELLSCHAFT

1599 613 1775 673 Basel,
1818 613 1891 673 den
1940 613 2026 673 16.
2062 611 2306 671 Dezember
2348 611 2495 671 1922.

723 955 765 1015 An
815 956 895 1016 die
937 956 1109 1016 Basler
1152 958 1607 1018 Rheinschiffahrt
1644 958 1821 1018 A.-G.-

723 1009 1017 1069 Marktgasse
1063 1007 1080 1067 5

721 1060 1009 1120 Basel

1172 1257 1253 1317 Wir
1298 1258 1525 1318 bekennen
1569 1259 1652 1319 uns
1696 1259 1765 1319 zum
1816 1259 2012 1319 Empfang
2062 1259 2201 1319 Ihres
2239 1258 2441 1318 Briefes

707 1359 783 1419 vom
830 1358 912 1418 15.
953 1357 1188 1417 Dezember
1234 1357 1310 1417 und
1352 1358 1644 1418 anerkennen
1692 1359 1773 1419 die
1814 1360 1955 1420 darin
2002 1360 2043 1420 zu
2090 1361 2266 1421 Absatz
2312 1360 2360 1420 II
2395 1360 2476 1420 des

718 1457 1223 1517 Vertragsentwurfes
1265 1457 1622 1517 vorgebrachte
1658 1457 2020 1517 Verzögerung.

1184 1558 1260 1618 Der
1297 1556 1499 1616 Vertrag
1543 1558 1626 1618 ist
1663 1558 1707 1618 in
1752 1558 1833 1618 der
1878 1559 2136 1619 gestrigen
2180 1559 2502 1619 Generalver-

706 1658 944 1718 sammlung
985 1657 1098 1717 ohne
1138 1655 1411 1715 Aenderung
1451 1655 1747 1715 angenommen
1798 1657 2003 1717 worden.

1185 1760 1221 1820 In
1270 1760 1348 1820 der
1391 1759 1683 1819 Diskussion
1726 1759 1812 1819 hat
1848 1759 1957 1819 sich
2000 1760 2085 1820 der
2122 1759 2292 1819 Verein
2340 1759 2420 1819 für

716 1858 791 1918 die
834 1858 1134 1918 Schiffahrt
1171 1858 1259 1918 auf
1297 1858 1371 1918 dem
1422 1858 1677 1918 Oberrhein
1727 1858 1865 1918 dahin
1915 1858 2208 1918 geäussert,
2252 1858 2365 1918 dass
2402 1856 2452 1916 er

721 1960 914 2020 dankbar
960 1961 1103 2021 wäre,
1142 1961 1251 2021 wenn
1302 1961 1371 2021 ihm
1422 1961 1497 2021 für
1537 1961 1616 2021 die
1668 1961 1805 2021 Folge
1845 1961 1924 2021 die
1970 1961 2381 2021 Frequenzzahlen
2427 1960 2507 2020 der

722 2059 1163 2119 Personenschiffe
1210 2060 1286 2120 für
1333 2060 1809 2120 Propagandazwecke
1851 2059 2156 2119 mitgeteilt
2191 2059 2396 2119 würden.

1176 2161 1257 2221 Wir
1301 2161 1444 2221 geben
1487 2161 1624 2221 Ihnen
1668 2159 1868 2219 hiervon
1912 2158 2142 2218 Kenntnis
2192 2158 2267 2218 und
2310 2159 2541 2219 zeichnen

1546 2263 1624 2323 mit
1664 2263 2013 2323 vorzüglicher
2052 2263 2387 2323 Hochachtung
