2920 3607
2429 322 2523 382 (4

1629 587 1806 647 Basel,
1844 589 1930 649 den
1976 587 2061 647 21.
2076 586 2316 646 Dezember
2354 584 2509 644 1932.

1160 838 1328 898 Basler
1372 835 2425 895 Rheinschiffahrt-Aktiengesellschaft

1918 982 2083 1042 BASEL

1799 1132 2103 1192 Marktgasse
2140 1136 2196 1196 5.

1102 1283 1273 1343 Namens
1314 1282 1391 1342 der
1437 1282 1608 1342 Basler
1650 1282 2596 1342 Personenschiffahrtsgesellschaft

767 1385 1026 1445 best채tige
1067 1385 1150 1445 ich
1197 1385 1338 1445 Ihnen
1379 1385 1455 1445 den
1503 1384 1703 1444 Empfang
1756 1382 1891 1442 Ihres
1932 1382 2163 1442 Geehrten
2215 1382 2286 1442 vom
2333 1382 2509 1442 19.ds.
2586 1384 2662 1444 Ich

772 1484 875 1544 habe
918 1484 1090 1544 dieses
1132 1484 1396 1544 Schreiben
1445 1484 1494 1544 an
1531 1484 1610 1544 den
1653 1484 1831 1544 Verein
1873 1483 1953 1543 f체r
1996 1483 2075 1543 die
2113 1483 2419 1543 Schiffahrt
2461 1481 2541 1541 auf
2578 1480 2651 1540 dem

774 1585 1033 1645 Oberrhein
1075 1585 1502 1645 weitergeleitet
1544 1585 1623 1645 und
1665 1585 1809 1645 nehme
1846 1586 1930 1646 an,
1972 1586 2081 1646 dass
2129 1585 2231 1645 sich
2280 1583 2455 1643 dieser
2497 1581 2581 1641 mit

783 1687 911 1747 Ihnen
958 1687 1127 1747 direkt
1174 1687 1221 1747 in
1262 1685 1554 1745 Verbindung
1601 1684 1770 1744 setzen
1811 1684 1986 1744 werde.

1730 1834 1775 1894 In
1822 1834 2166 1894 Hochachtung
