2920 3609
447 358 625 418 BASLER
665 356 1622 416 PERSONENSCHIFFAHRTSGESELLSCHAFT

1631 612 1806 672 Basel,
1844 614 1926 674 den
1973 614 2055 674 15.
2074 613 2194 673 Aug.
2222 613 2369 673 1933.

785 910 827 970 An
869 911 949 971 die
1027 911 1197 971 Basler
1240 911 1714 971 Rheinschiffahrts
1756 913 1926 973 A.-G.-

784 962 1083 1022 Marktgasse
1128 962 1146 1022 5

786 1015 1062 1075 Basel

786 1313 902 1373 Sehr
950 1313 1155 1373 geehrte
1195 1315 1400 1375 Herren,

1121 1462 1167 1522 Am
1208 1463 1262 1523 4.
1303 1463 1417 1523 Juli
1457 1463 1660 1523 sandten
1700 1463 1781 1523 wir
1821 1463 1963 1523 Ihnen
2011 1462 2145 1522 einen
2193 1462 2334 1522 Brief

786 1564 1072 1624 enthaltend
1120 1564 1141 1624 4
1182 1564 1536 1624 Beschwerden,
1570 1564 1748 1624 welche
1789 1564 1925 1624 gegen
1973 1564 2109 1624 Ihren
2157 1562 2361 1622 Betrieb

794 1664 839 1724 in
878 1666 1081 1726 unserer
1127 1666 1656 1726 Generalversammlung
1701 1664 1773 1724 vom
1820 1664 1898 1724 24.
1943 1663 2055 1723 Juni
2094 1663 2297 1723 erhoben
2336 1663 2505 1723 worden

786 1768 952 1828 sind.

1126 1813 1203 1873 Wir
1252 1813 1385 1873 baten
1426 1813 1476 1873 um
1524 1813 1629 1873 Ihre
1672 1811 2056 1871 Stellungnahme
2097 1811 2307 1871 hierzu.
2350 1811 2398 1871 Da
2441 1811 2517 1871 wir

786 1916 852 1976 bis
898 1915 1037 1975 heute
1083 1915 1347 1975 keinerlei
1386 1913 1592 1973 Antwort
1638 1913 1868 1973 erhalten
1908 1913 2087 1973 haben,
2100 1913 2417 1973 ersuchenwir
2456 1913 2541 1973 Sie

787 2017 982 2077 höflich
1022 2017 1074 2077 um
1119 2017 1263 2077 Ihren
1309 2017 1537 2077 baldigen
1582 2017 1850 2077 Bescheid,
1889 2017 1941 2077 da
1980 2015 2059 2075 wir
2104 2015 2463 2075 verpflichtet

776 2117 916 2177 sind,
929 2117 1006 2177 den
1051 2117 1557 2177 Beschwerdeführern
1608 2116 1717 2176 eine
1762 2116 2024 2176 Nachricht
2069 2116 2300 2176 zukommen
2345 2116 2396 2176 zu
2435 2117 2646 2177 lassen.

1418 2272 1501 2332 Mit
1539 2273 1895 2333 vorzüglicher
1940 2273 2303 2333 Hochachtung:

1621 2444 1751 2504 Easer
1771 2440 1828 2500 fe

536 3294 742 3354 Noger
807 3304 902 3364 fr
982 3301 1126 3361 Har
1189 3293 1270 3353 R.
1317 3289 1413 3349 da
1510 3285 1701 3345 iden

2549 308 2606 368 5.
