2845 3800
188 678 536 738 BASLER
619 674 1506 734 RHEINSCHIFFAHRT
1591 673 2632 733 AKTIENGESELLSCHAFT

1305 838 1481 898 BASEL
1523 835 1565 895 19

237 841 520 901 Fahrplanmässiger
545 841 761 901 Personenver¬

1824 842 2147 902 BASEI

757 886 843 946 EUE
880 875 1139 935 ADRESSE:

1174 893 1613 953 Westqualstrasse
1647 886 1698 946 60

1824 899 2125 959 MARKTGASSE
2147 898 2164 958 5

236 902 308 962 kehr
333 902 400 962 nach
436 904 646 964 Rheinfelden,
672 902 765 962 Kraff¬

1825 955 2016 1015 TELEPHON
2061 953 2159 1013 24.790

225 964 301 1024 werk
338 965 769 1025 Kembs-Istein-Rheinweiler

232 1028 750 1088 GESELLSCHAFTSFAHRTEN

1816 1049 1881 1109 den
1926 1049 2017 1109 16.
2056 1051 2237 1111 August
2275 1054 2418 1114 1935.

229 1091 744 1151 ABENDFAHRTEN

639 1154 730 1214 R/J

1368 1247 1529 1307 Basler
1572 1247 2583 1307 Personenschiffahrts-Gesellschaft,

1360 1297 1701 1357 Basel.

876 1549 946 1609 Wir
988 1549 1133 1609 haben
1176 1549 1412 1609 Kenntnis
1455 1547 1690 1607 genommen
1733 1547 1808 1607 von
1856 1547 1996 1607 Ihrer
2033 1546 2333 1606 Mitteilung
2382 1547 2451 1607 vom

635 1652 714 1712 15.
753 1651 959 1711 August,
998 1649 1170 1709 wonach
1217 1648 1257 1708 am
1303 1648 1389 1708 31.
1422 1646 1600 1706 August
1647 1645 1753 1705 Ihre
1792 1645 2369 1705 General-Versammlung
2415 1646 2580 1706 statt-

615 1751 853 1811 findet.

875 1849 958 1909 Mit
991 1849 1259 1909 Rücksicht
1298 1849 1376 1909 auf
1421 1849 1499 1909 die
1543 1849 1716 1909 kleine
1761 1849 2173 1909 Teilnehmerzahl
2218 1847 2357 1907 sehen
2402 1847 2480 1907 Sie

638 1949 711 2009 von
752 1949 830 2009 der
877 1949 1169 2009 Bestellung
1215 1948 1356 2008 eines
1397 1948 1783 2008 Extraschiffes
1829 1948 1871 2008 ab
1918 1948 1996 2008 und
2038 1948 2272 2008 benützen
2319 1948 2397 2008 das
2438 1948 2485 2008 um

640 2050 748 2110 2.00
787 2050 864 2110 Uhr
911 2050 988 2110 die
1028 2048 1361 2108 Schifflände
1399 2048 1725 2108 verlassende
1764 2047 2098 2107 Kursschiff.
2137 2047 2215 2107 Wir
2261 2047 2431 2107 werden

634 2151 773 2211 dafür
814 2150 1018 2210 sorgen,
1059 2150 1170 2210 dass
1211 2149 1286 2209 für
1333 2149 1408 2209 die
1450 2149 1747 2209 Mitglieder
1793 2147 1869 2207 der
1910 2146 2510 2206 Personenschiffahrts-

636 2251 996 2311 Gesellschaft
1032 2250 1205 2310 Plätze
1246 2248 1546 2308 reserviert
1581 2249 1790 2309 werden.

875 2351 920 2411 Da
964 2350 1044 2410 der
1088 2348 1505 2408 Unterzeichnete
1556 2348 1595 2408 am
1645 2348 1725 2408 31.
1764 2348 1950 2408 August
1989 2347 2090 2407 sich
2141 2347 2186 2407 im
2226 2345 2467 2405 Militär-

633 2450 799 2510 dienst
844 2450 1108 2510 befindet,
1154 2449 1234 2509 ist
1274 2449 1320 2509 es
1365 2449 1440 2509 ihm
1486 2448 1658 2508 leider
1703 2447 1847 2507 nicht
1881 2446 2121 2506 möglich,
2161 2446 2207 2506 an
2253 2444 2396 2504 Ihrer

634 2551 1165 2611 Generalversammlung
1215 2549 1595 2609 teilzunehmen.
1634 2548 1779 2608 Falls
1818 2548 1897 2608 Sie
1941 2546 2176 2606 zuhanden
2221 2545 2299 2605 der
2344 2545 2450 2605 Ver-

641 2653 870 2713 sammlung
913 2651 1106 2711 gewisse
1155 2650 1415 2710 Auskünfte
1458 2648 1567 2708 über
1610 2647 1688 2707 die
1730 2645 2276 2705 Personenschiffahrt
2312 2645 2572 2705 wünschen,

638 2752 867 2812 ersuchen
909 2751 986 2811 wir
1028 2750 1149 2810 Sie,
1191 2749 1268 2809 uns
1310 2749 1359 2809 so
1401 2748 1514 2808 bald
1556 2747 1635 2807 als
1677 2746 1881 2806 möglich
1923 2744 2289 2804 mitzuteilen,
2331 2744 2439 2804 über
2481 2744 2565 2804 was

634 2852 701 2912 Sie
746 2852 792 2912 an
837 2851 916 2911 der
961 2851 1509 2911 Generalversammlung
1554 2849 1849 2909 Aufschluss
1894 2848 2165 2908 wünschen,
2205 2846 2352 2906 damit
2391 2845 2465 2905 wir

631 2950 768 3010 Ihnen
814 2948 951 3008 unter
991 2948 1261 3008 Umständen
1306 2948 1444 3008 einen
1484 2948 1690 3008 kleinen
1736 2947 2119 3007 schriftlichen
2159 2945 2371 3005 Bericht
2411 2944 2485 3004 zu-

637 3058 808 3118 handen
850 3056 930 3116 der
973 3056 1511 3116 Generalversammlung
1559 3055 1815 3115 zustellen
1863 3055 2066 3115 können.

1813 3202 2145 3262 Hochachtend

1947 3251 2118 3311 BASLER

1561 3304 1839 3364 CHIFFAHRT
1881 3301 2423 3361 AKTIENGESELISCHAFT

1589 3388 1892 3448 Hiu

286 3456 334 3516 Wir
354 3455 402 3515 sind
429 3455 467 3515 die
490 3454 620 3514 modernst
641 3454 808 3514 ausgerüstete
835 3452 1033 3512 Schweizerische
1061 3452 1262 3512 Rheinreederel
1279 3452 1320 3512 mit
1337 3452 1361 3512 42
1385 3452 1491 3512 eigenen
1518 3452 1620 3512 Schiffen
1647 3452 1688 3512 und
1712 3452 1763 3512 7200
1787 3452 1978 3512 Dieselmotoren
2002 3454 2026 3514 P.
2040 3454 2067 3514 S.
2081 3454 2173 3514 (wovon
2197 3454 2244 3514 6500
2265 3454 2289 3514 P.
2302 3454 2326 3514 S.
2340 3455 2562 3515 Sulzermotoren).

287 3493 489 3553 Schnellverkehr
501 3490 617 3550 zwischen
640 3488 994 3548 Schweiz-Nordsee-Schweiz
1011 3488 1046 3548 für
1058 3488 1139 3548 Stück-
1150 3488 1197 3548 und
1214 3488 1388 3548 Massengüter
1400 3488 1458 3548 aller
1469 3488 1521 3548 Art.
1533 3488 1643 3548 Kürzeste
1661 3488 1823 3548 Reisedauer,
1835 3490 1927 3550 zuverl.
1939 3490 2130 3550 Durchführung,
2142 3490 2380 3550 konkurrenzfähige
2391 3491 2553 3551 Frachtsätze.

489 3527 667 3587 Vertretungen
690 3527 749 3587 oder
767 3526 1051 3586 Tochtergesellschaften
1075 3526 1092 3586 in
1117 3526 1276 3586 Antwerpen,
1288 3526 1442 3586 Rofterdam,
1454 3526 1702 3586 Duisburg-Ruhrort,
1714 3526 1785 3586 Köln,
1797 3526 1951 3586 Mannheim,
1963 3526 2105 3586 Karlsruhe,
2116 3527 2187 3587 Kehl,
2200 3527 2354 3587 Strassburg.
