2845 3798
1406 334 1430 394 2

866 482 1153 542 Aehnliches
1199 482 1317 542 gilt
1357 482 1441 542 für
1480 482 1841 542 Kaiseraugst.
1881 484 1999 544 Dort
2033 484 2117 544 ist
2162 484 2236 544 die
2281 484 2517 544 Frequenz

599 584 702 644 noch
745 584 1007 644 schlimmer
1050 584 1132 644 als
1170 583 1219 643 in
1263 584 1714 644 Schweizerhalle.
1753 584 1829 644 Die
1872 584 2074 644 Station
2117 584 2449 644 Basel-Augst
2487 586 2569 646 ist

592 685 696 745 kaum
739 685 789 745 10
827 685 1030 745 Minuten
1080 685 1156 745 von
1200 683 1534 743 Kaiseraugst
1567 683 1808 743 entfernt
1852 683 1924 743 und
1967 683 2017 743 es
2060 683 2143 743 ist
2187 683 2570 743 betriebstech-

595 785 735 845 nisch
777 785 854 845 ein
901 785 1067 845 Unsinn
1115 785 1161 845 in
1208 785 1535 845 Kaiseraugst
1577 785 1894 845 aufzudrehen
1941 785 2018 845 und
2060 785 2231 845 grosse
2273 786 2476 846 Manöver
2522 787 2569 847 zu

588 886 880 946 vollziehen
921 884 1062 944 wegen
1110 884 1245 944 einem
1292 884 1401 944 oder
1443 884 1610 944 keinem
1657 886 1954 946 Passagier.

863 985 1187 1045 Kaiseraugst
1225 985 1401 1045 leidet
1439 985 1582 1045 unter
1626 985 1703 1045 der
1747 985 2164 1045 Nichtbedienung
2213 986 2291 1046 der
2334 986 2537 1046 Station

591 1087 729 1147 unter
771 1087 936 1147 keinen
983 1087 1280 1147 Umstämden,
1322 1087 1371 1147 da
1413 1087 1487 1147 die
1529 1087 1731 1147 meisten
1778 1088 1948 1148 Leute,
1991 1087 2065 1147 die
2108 1086 2442 1146 Kaiseraugst
2479 1084 2553 1144 be-

588 1187 790 1247 suchen,
833 1186 1041 1246 vorerst
1073 1186 1211 1246 einen
1259 1186 1456 1246 kleinen
1504 1186 1675 1246 Bummel
1718 1186 1978 1246 ausführen
2021 1186 2229 1246 wollen.
2266 1186 2346 1246 Der
2388 1187 2527 1247 gege-

587 1286 693 1346 bene
736 1286 912 1346 Bummel
955 1286 1040 1346 ist
1078 1286 1153 1346 der
1200 1286 1275 1346 von
1323 1286 1521 1346 Station
1569 1286 1899 1346 Basel-Augst
1932 1286 2043 1346 nach
2086 1286 2443 1346 Kaiseraugst.

874 1387 941 1447 Wir
987 1387 1127 1447 haben
1174 1388 1251 1448 vor
1293 1388 1614 1448 Publikation
1661 1387 1827 1447 dieser
1868 1387 2132 1447 Massnahme
2178 1387 2251 1447 dem
2298 1387 2443 1447 eidg.

594 1490 732 1550 Post-
782 1489 860 1549 und
899 1489 1531 1549 Eisenbahn-Departement
1570 1489 1709 1549 davon
1753 1489 1986 1549 Kenntnis
2025 1487 2224 1547 gegeben
2274 1486 2346 1546 und
2391 1485 2496 1545 die-

596 1591 633 1651 se
686 1591 885 1651 Instanz
928 1589 1019 1649 hat
1051 1589 1132 1649 den
1174 1588 1405 1648 Fahrplan
1453 1588 1747 1648 genehmigt.

864 1688 938 1748 Wir
976 1688 1147 1748 müssen
1194 1688 1397 1748 darnach
1440 1690 1706 1750 trachten,
1749 1688 1824 1748 den
1866 1688 2043 1748 ganzen
2085 1687 2282 1747 Betrieb
2325 1684 2527 1744 rentab-

599 1792 673 1852 ler
718 1792 764 1852 zu
810 1790 1106 1850 gestalten.
1146 1790 1192 1850 Zu
1237 1790 1408 1850 diesen
1448 1789 1750 1849 Massnahmen
1790 1788 1967 1848 gehört
2001 1787 2109 1847 auch
2155 1787 2229 1847 die
2275 1786 2542 1846 Aufhebung

601 1891 980 1951 überflüssiger
1024 1890 1376 1950 Haltestellen
1426 1889 1471 1949 in
1516 1889 1594 1949 dem
1638 1888 1811 1948 Sinne,
1850 1888 1962 1948 dass
2001 1888 2051 1948 es
2090 1888 2179 1948 uns
2218 1888 2447 1948 gelingt,
2470 1888 2542 1948 die

594 1992 831 2052 Fahrzeit
872 1990 918 2050 zu
959 1990 1255 2050 verkürzen,
1301 1988 1405 2048 denn
1446 1988 1527 2048 nur
1573 1987 1706 2047 durch
1748 1987 2287 2047 Fahrzeitverkürzung
2327 1987 2437 2047 wird
2484 1987 2530 2047 es

589 2092 667 2152 uns
706 2090 913 2150 möglich
959 2089 1098 2149 sein,
1109 2089 1345 2149 weiteres
1384 2089 1614 2149 Publikum
1664 2087 2085 2147 heranzuziehen.

865 2193 934 2253 Die
984 2191 1253 2251 Bergfahrt
1291 2189 1367 2249 von
1417 2189 1435 2249 2
1473 2188 1680 2248 Stunden
1724 2188 1799 2248 und
1843 2188 1925 2248 die
1968 2188 2207 2248 Talfahrt
2251 2186 2326 2246 von
2369 2185 2395 2245 1
2433 2185 2601 2245 Stunde

599 2295 673 2355 für
716 2293 797 2353 die
840 2291 977 2351 kurze
1020 2291 1225 2351 Strecke
1269 2290 1374 2350 nach
1418 2290 1745 2350 Rheinfelden
1783 2290 1932 2350 resp.
1969 2290 2112 2350 Basel
2155 2288 2235 2348 ist
2273 2287 2384 2347 eben
2428 2284 2570 2344 ziem-

601 2396 708 2456 lich
749 2396 857 2456 lang
910 2395 981 2455 und
1023 2394 1100 2454 die
1148 2392 1409 2452 Gefahrder
1451 2390 1771 2450 Abwanderung
1819 2389 1897 2449 von
1938 2389 2259 2449 Passagieren
2307 2389 2419 2449 sehr
2461 2390 2633 2450 gross,

589 2495 698 2555 wenn
740 2495 819 2555 wir
862 2495 940 2555 nun
989 2495 1061 2555 die
1105 2494 1378 2554 Fahrzeit,
1414 2492 1609 2552 nachdem
1657 2492 1736 2552 wir
1778 2491 1857 2551 sie
1900 2489 2167 2549 glücklich
2209 2488 2349 2548 haben
2392 2487 2494 2547 ver-

594 2596 758 2656 kürzen
801 2594 1010 2654 können,
1049 2593 1223 2653 wieder
1268 2593 1558 2653 verlängern
1602 2591 1809 2651 müssen.

874 2695 947 2755 Wir
989 2694 1136 2754 haben
1179 2693 1411 2753 indessen
1454 2692 1625 2752 nichts
1667 2691 1906 2751 dagegen,
1942 2689 2272 2749 Kaiseraugst
2315 2687 2395 2747 und
2437 2686 2638 2746 Schwei-

610 2795 833 2855 zerhalle
877 2795 1045 2855 wieder
1088 2794 1138 2854 zu
1181 2794 1449 2854 bedienen,
1486 2792 1598 2852 wenn
1641 2791 1722 2851 wir
1765 2789 1964 2849 hierfür
2008 2788 2119 2848 eine
2163 2786 2455 2846 Subvention
2498 2785 2548 2845 er

592 2897 803 2957 halten.
840 2896 892 2956 Es
928 2896 1045 2956 geht
1081 2894 1228 2954 nicht
1264 2893 1345 2953 an,
1388 2893 1499 2953 dass
1535 2893 1623 2953 wir
1659 2891 1769 2951 Jahr
1813 2890 1893 2950 für
1937 2890 2040 2950 Jahr
2084 2888 2171 2948 die
2207 2884 2587 2944 Betriebsdefi-

601 2998 706 3058 zite
751 2997 923 3057 decken
969 2996 1041 3056 und
1087 2995 1199 3055 dann
1239 2995 1350 3055 dazu
1390 2994 1495 3054 noch
1541 2993 1627 3053 auf
1673 2992 1778 3052 jede
1817 2990 2140 3050 Reklamation
2186 2988 2265 3048 von
2304 2986 2600 3046 Uferanwoh-

598 3100 708 3160 nern
755 3098 1022 3158 eintreten
1069 3097 1278 3157 müssen.

2264 3233 2278 3293 -
2327 3236 2348 3296 3
2396 3236 2409 3296 -
