2845 3797
370 361 653 421 BASLER
721 362 1491 422 RHEINSCHIFFAHRT
1538 367 2477 427 AKTIENGESELLSCHAFT

373 481 604 541 BASEL
663 481 733 541 19
793 481 824 541 /
863 479 1123 539 POSTFACH
1174 479 1194 539 4

365 652 536 712 Telephon:
559 652 656 712 24.790
758 653 978 713 Telegramme:
1000 654 1142 714 Navibale
1190 655 1204 715 /
1248 655 1517 715 Postcheckkonto:
1535 655 1553 715 V
1579 655 1641 715 3012
1685 656 1698 716 /
1743 656 2025 716 Bankverbindung:
2043 656 2184 716 Schweiz.
2202 656 2374 716 Bankverein
2401 656 2489 716 Basel

1798 763 1992 823 Basel,
2032 766 2119 826 15.
2132 767 2253 827 Juni
2293 767 2413 827 1937

1808 845 2143 905 Buchhaltung
2192 847 2338 907 E/Hp.

671 943 809 1003 Herrn
853 946 941 1006 Dr.
980 946 1063 1006 Max
1107 947 1317 1007 Vischer

2003 992 2062 1052 Ab
2092 994 2152 1054 14.
2166 993 2256 1053 Juni
2286 991 2374 1051 1937

678 1001 890 1061 Advokat

664 1053 747 1113 St.
785 1054 1117 1114 Albangraben
1167 1055 1183 1115 8

1911 1058 2008 1118 neue
2042 1058 2456 1118 Telephon-Nummer:

672 1103 944 1163 Basel

2044 1137 2299 1197 20.880

674 1426 813 1486 Betr.
849 1427 1025 1487 Basler
1070 1427 2058 1487 Personenschiffahrtsgesellschaft.

665 1504 744 1564 Sie
784 1507 926 1567 haben
972 1507 1051 1567 uns
1097 1509 1268 1569 letzte
1313 1510 1461 1570 Woche
1501 1511 1803 1571 angefragt,
1848 1511 1893 1571 ob
1939 1513 2019 1573 wir
2065 1513 2241 1573 bereit
2281 1514 2457 1574 wären,

657 1588 736 1648 die
776 1588 1016 1648 Hypothek
1068 1588 1365 1648 "Rhyblitz"
1405 1589 1547 1649 schon
1594 1591 1673 1651 per
1719 1591 1827 1651 Ende
1879 1592 2022 1652 1937,
2062 1592 2273 1652 anstatt
2313 1592 2581 1652 kontrakt-

664 1668 829 1728 gemäss
873 1669 955 1729 per
999 1670 1268 1730 1.Februar
1318 1670 1427 1730 1938
1477 1672 1933 1732 zurückzuzahlen.
1977 1672 2054 1732 Wir
2104 1673 2279 1733 können
2328 1673 2465 1733 Ihnen

661 1744 867 1804 hierauf
908 1748 1213 1808 mitteilen,
1260 1750 1372 1810 dass
1413 1750 1495 1810 wir
1536 1750 1624 1810 mit
1666 1750 1836 1810 diesem
1889 1750 2159 1810 Vorschlag
2206 1752 2600 1812 einverstanden

671 1828 769 1888 sind
818 1828 894 1888 und
937 1829 1019 1889 die
1057 1830 1394 1890 Rückzahlung
1437 1831 1551 1891 also
1595 1831 1671 1891 per
1715 1832 1828 1892 Ende
1872 1832 2106 1892 Dezember
2155 1831 2263 1891 1937
2312 1831 2480 1891 vorge-

656 1906 801 1966 sehen
846 1909 1031 1969 haben.

667 1984 832 2044 Ferner
878 1987 1020 2047 haben
1072 1989 1145 2049 Sie
1192 1990 1271 2050 den
1317 1990 1488 2050 Wunsch
1534 1991 1836 2051 geäussert,
1882 1991 1961 2051 uns
2007 1991 2241 2051 etwelche
2286 1993 2526 2053 Aktiven,

661 2065 829 2125 welche
878 2068 960 2128 Sie
997 2069 1112 2129 noch
1160 2071 1453 2131 veräussern
1502 2071 1741 2131 könnten,
1784 2071 2110 2131 abzutreten.
2153 2071 2235 2131 Wir
2278 2071 2452 2131 bitten
2501 2072 2614 2132 Sie,

663 2147 741 2207 uns
782 2149 995 2209 vorerst
1031 2149 1172 2209 diese
1218 2150 1421 2210 Aktiven
1467 2150 1612 2210 näher
1660 2150 1701 2210 zu
1753 2151 2043 2211 bezeichnen
2095 2152 2173 2212 und
2220 2152 2329 2212 eine
2407 2153 2609 2213 Offerte

661 2228 991 2288 beizulegen,
1034 2230 1114 2290 wie
1161 2231 1242 2291 Sie
1284 2231 1460 2291 solche
1502 2230 1705 2290 abgeben
1753 2231 1960 2291 können.

657 2306 730 2366 Wir
775 2310 950 2370 werden
995 2312 1079 2372 uns
1125 2312 1237 2372 dann
1283 2312 1362 2372 die
1412 2311 1553 2371 Sache
1598 2311 1711 2371 noch
1756 2312 2061 2372 überlegen.

1732 2393 2269 2453 Hochachtungsvoll:

1863 2473 2035 2533 Basler

1396 2528 2460 2588 Rheinschiffahrt-Aktiengesellschaft

1944 2609 2340 2669 Mrtottst
