2923 3605
1450 261 157 110 - 2 -

1890 364 650 99 Basel. 16.2.26.

737 358 607 100 Herrn Christ,

752 514 1767 94 sonenbeförderungsgeschäft ein Zusammenarbeiten möglich und

750 599 1890 90 für beide Teile nützlich wäre. Wir haben eine Geschäftsorgani-

757 694 1763 96 sation, die auf das Schiffahrtsgeschäft zugeschnitten ist,

754 796 1765 89 die Personenbeförderung wird im Sommer von einer besondern

750 882 1880 92 Geschäftsabteilung übernommen. Das Personal, das wir für unser

750 966 1827 99 Schiff engagieren, wird selbstverständlich vön uns das ganze

744 1052 1866 104 Jahr benötigt und entsprechend angestellt werden. Je nach der

754 1149 1794 87 Art, in der ein Zusammenarbeiten organisiert wird, sind wir

756 1239 1931 85 unter Umständen auch in der Lage, das Personal der "Rheinfelden"

756 1329 1866 70 das ganze Jahr über zu beschäftigen. Dies wäre natürlich auch

746 1406 1599 123 für die Personenschiffahrt ein sehr grosser Vorteil.

1292 1510 1327 87 Wir beabsichtigen, mit unserm Schiff diesen

744 1588 1781 94 Sommer im Zusammenhang mit der Internationalen Ausstellung

749 1684 1856 87 für Binnenschiffahrt und Wasserkraftnutzung, deren Geschäfts-

755 1789 1853 84 leitung von unserm Projekt schon seit Wochen Kenntnis hat, in

757 1858 1897 95 der Hauptsache die Hafenfahrten und Fahrten in der näheren Um-

752 1968 1856 85 gebung von Basel zu pflegen, (Märkt, Istein, Kembs, Breisach,

751 2061 1921 94 Augst, Schweizerhalle, Hafenfahrten). Daneben sollen auch Fahr-

754 2150 1774 94 tentnach Strassburg unternommen werden. Das Boot ist etwas

748 2237 1868 91 stärker als die "Rheinfelden". Da es auch kleiner ist, dürfte

757 2333 1948 71 es eine etwas grössere Geschwindigkeit erhalten. Diese gestattet

763 2430 1904 106 auch unterhalb Basel einen gewissen Personenverkehr zu pflegen.

1289 2526 1228 111 Da wir von Herrn Ryniker erfahren haben,

759 2621 1834 116 dass Herr Dr. Max Vischer sich für einige Zeit in den Ferien

749 2714 1849 80 befindet, so wenden wir uns auf Wunsch von Herrn Dr. Vischer,

755 2827 1842 96 den er Herrn Ryniker gegenüber geäussert hat, an Sie, um von

757 2904 1878 106 Ihnen zu hören, ob die Personenschiffahrtsgesellschaft grund-

765 3028 1861 87 sätzlich bereit wäre, in irgendeiner Form mit uns zusammen zu

753 3113 1871 104 arbeiten. Sollte dies der Fall sein, so würden vielleicht Be-

2307 3210 91 115 ./.
