2925 3606
646 248 241 96 Basler

255 310 1032 117 Rheinschiffahrt-Aktiengesellschaft

1643 355 758 124 Basel, den 4. März 1926.

611 428 299 68 Marktgasse 51l

565 530 411 52 Telephon: Birsig 69.90-92

1864 450 519 217 Roofae

567 576 401 66 Telegramme: Navibale

562 626 406 89 Postcheck-Konto V 3012

375 688 784 92 Bankverbindung: Schweizerischer Bankverein, Basel

1376 718 969 104 Herrn P. Christ -, Wackernagel,

718 756 143 116 6/1

1229 840 974 75 i/Fa. Paravicini, Christ & Co..

2042 909 326 86 Basel.

1970 968 531 112 Kaufhausgasse 7.

726 1059 807 118 Sehr geehrter Herr Christ,

1532 1164 971 103 Wir gestatten uns, in folgendem

727 1261 1783 102 den wesentlichen Inhalt der Unterredung zu bestätigen, die

712 1351 1846 94 Herr Ritter und Herr Groschupf heute mit Ihnen zu führen die

712 1457 397 101 Ehre hatten.

1292 1560 1314 114 Wir sind der Ansicht, dass es im Interesse

726 1655 1850 123 aller Beteiligten liegt, wenn die beiden Schiffe "Vogel-Gryf"

717 1763 1764 86 und "Rheinfelden" während der Internationalen Ausstellung

723 1842 1893 98 für Binnenschiffahrt und Wasserkraftnutzung in Basel gemeinsam

736 1946 1761 107 betrieben werden. Nur ein gemeinsamer Betrieb erlaubt Aus-

728 2050 1719 124 nützung aller Verdienstmöglichkeiten, die für die beiden

717 2158 1850 104 Personenschiffe dieses Jahr vorhanden sind. Wir erwähnen nur

727 2231 1796 100 die sehr grossen Vorteile, die beide Schiffe daraus ziehen,

724 2355 1841 79 dass sie gegenseitig ausgetauscht werden können, je nach der

722 2442 1857 111 Eignung der Schiffe für besondere Fahrten, z.B. Hafenfahrten,

725 2558 1857 85 Fahrten nach Rheinfelden, eventuell auch Fahrten nach Strass-

735 2643 1899 82 burg. Die Einteilung der gesetzlichen Ruhetage für das Schiffs-

722 2766 1806 83 personal wird ganz wesentlich erleichtert durch gemeinsamen

722 2835 1825 90 Betrieb von zwei Schiffen. Die Werbetätigkeit, sei es durch

721 2939 1790 97 Reklame oder durch Abmachungen mit der Ausstellungsleitung

728 3040 1867 115 und mit der Abteilung für Personenverkehr der SBB über kombi-

723 3140 1869 101 nierte Karten für Eintritt in die Ausstellung, Eisenbahnfahrt

2342 3210 108 116 ./.

2562 211 119 142 2
