2925 3609
1522 264 112 102 2 -

2346 392 226 75 4.3.26.

1737 371 332 99 Basel.

706 372 614 98 Herrn Christ.

1491 434 94 86 —--.

717 533 1813 87 und Hafenfahrt auf dem Rhein ist überhaupt nur rationell zu

718 611 1767 120 organisieren, wenn die Schiffe gemeinsam betrieben werden.

1283 717 1151 134 Mit Rücksicht auf diese Ueberlegungen

713 822 1690 98 erklären wir uns grundsätzlich bereit, für die Zeit vom

707 934 1940 72 1. Juli dieses Jahres bis Schluss der Personenschiffahrtssaison

716 1031 1798 90 ca. 1. Oktober, eine Betriebsgemeinschaft mit der Personen-

707 1110 1081 92 schiffahrtsgesellschaft einzugehen.

1291 1230 1204 80 Wir glauben, dass diese Betriebsgemein-

722 1311 1714 84 schaft für beide Teile annehmbar wäre, wenn sie folgende

722 1419 1841 112 grundsätzliche Punkte regelt, die heute mit Ihnen besprochen

717 1525 223 79 wurden:

707 1619 719 118 1. Gemeinsamer Betrieb:

1293 1717 1239 68 a. Die Leitung des gemeinsamen Betriebes

716 1824 1892 82 wird einer kleinen Kommission, bestehend aus je 1 bis 2 Herren

711 1917 1911 82 von jeder Gesellschaft, übertragen. Diese entscheiden selbstän-

722 2021 1813 106 dig über alle Betriebsfragen. Sie setzen die Fahrpläne fest,

718 2105 1858 96 ebenso wie die Fahrpreise. Sie führen die gesamte Werbetätig-

715 2206 1940 99 keit durch. Wenn sie es für nötig erachten, sind sie berechtigt.

721 2291 1794 124 einen Teil ihrer Befugnisse einem Betriebschef, den sie er-

714 2410 1810 78 nennen, zu übergeben. Die gesamten Kosten für die Betriebs-

716 2507 1223 113 leitung gehen auf Gemeinschaftsrechnung.

1281 2609 1247 89 b. Dem Gemeinschaftsbetrieb wird von der

717 2681 1770 109 Basler Personenschiffahrtsgesellschaft das vollständig be-

715 2816 1796 76 triebsbereite gegen Havarien versicherte Boot "Rheinfelden"

721 2899 1817 86 zur Verfügung gestellt. Die Basler Rheinschiffahrt-Aktienge-

707 3007 1849 98 sellschaft stellt das vollständig betriebsbereite, gegen Ha-

711 3077 1557 121 varien versicherte Boot "Vogel-Gryf" zur Verfügung.

1291 3196 1300 96 Auf Gemeinschaftsrechnung gehen die Kosten

2334 3304 94 95 ./.
