<?xml version="1.0" encoding="UTF-8"?>
<alto xmlns:xsi="http://www.w3.org/2001/XMLSchema-instance"
      xmlns="http://www.loc.gov/standards/alto/ns-v4#"
      xmlns:page="http://schema.primaresearch.org/PAGE/gts/pagecontent/2013-07-15"
      xsi:schemaLocation="http://www.loc.gov/standards/alto/ns-v4# https://www.loc.gov/standards/alto/v4/alto.xsd">
   <Description>
      <MeasurementUnit>pixel</MeasurementUnit>
      <OCRProcessing ID="IdOcr">
         <ocrProcessingStep>
            <processingDateTime>2022-02-15T15:27:15.033+01:00</processingDateTime>
            <processingSoftware>
               <softwareCreator>READ COOP</softwareCreator>
               <softwareName>Transkribus</softwareName>
            </processingSoftware>
         </ocrProcessingStep>
      </OCRProcessing>
   </Description>
   <Layout>
      <Page ID="Page1" PHYSICAL_IMG_NR="1" HEIGHT="3605" WIDTH="2922">
         <TopMargin HEIGHT="0" WIDTH="2922" VPOS="0" HPOS="0"/>
         <LeftMargin HEIGHT="3605" WIDTH="0" VPOS="0" HPOS="0"/>
         <RightMargin HEIGHT="3605" WIDTH="0" VPOS="0" HPOS="2922"/>
         <BottomMargin HEIGHT="0" WIDTH="2922" VPOS="3605" HPOS="0"/>
         <PrintSpace HEIGHT="3605" WIDTH="2922" VPOS="0" HPOS="0">
            <TextBlock ID="r1" HEIGHT="159" WIDTH="138" VPOS="184" HPOS="276">
               <Shape>
                  <Polygon POINTS="276,184 276,343 414,343 414,184"/>
               </Shape>
               <TextLine ID="r1l1"
                         BASELINE="276,284 303,288 331,290 358,290 386,291 414,293"
                         HEIGHT="194"
                         WIDTH="170"
                         VPOS="145"
                         HPOS="263">
                  <String ID="string_r1l1"
                          HEIGHT="194"
                          WIDTH="170"
                          VPOS="145"
                          HPOS="263"
                          CONTENT=""/>
               </TextLine>
            </TextBlock>
            <TextBlock ID="r2" HEIGHT="2593" WIDTH="1957" VPOS="287" HPOS="719">
               <Shape>
                  <Polygon POINTS="719,287 719,2880 2676,2880 2676,287"/>
               </Shape>
               <TextLine ID="r2l1"
                         BASELINE="1455,336 1485,339 1516,338 1546,336 1577,338"
                         HEIGHT="96"
                         WIDTH="147"
                         VPOS="259"
                         HPOS="1442">
                  <String ID="string_r2l1"
                          HEIGHT="96"
                          WIDTH="147"
                          VPOS="259"
                          HPOS="1442"
                          CONTENT="5 -"/>
               </TextLine>
               <TextLine ID="r2l2"
                         BASELINE="731,435 758,437 786,437 814,437 842,437 870,438 897,438 925,438 953,438 981,438 1009,438 1036,438 1064,438 1092,438 1120,439 1148,440 1175,440 1203,440 1231,441 1259,441 1287,441"
                         HEIGHT="89"
                         WIDTH="582"
                         VPOS="375"
                         HPOS="719">
                  <String ID="string_r2l2"
                          HEIGHT="89"
                          WIDTH="582"
                          VPOS="375"
                          HPOS="719"
                          CONTENT="Herrn Christ."/>
               </TextLine>
               <TextLine ID="r2l3"
                         BASELINE="2208,437 2233,438 2258,438 2284,440 2309,440 2334,441 2360,441 2385,443 2411,444"
                         HEIGHT="104"
                         WIDTH="231"
                         VPOS="360"
                         HPOS="2195">
                  <String ID="string_r2l3"
                          HEIGHT="104"
                          WIDTH="231"
                          VPOS="360"
                          HPOS="2195"
                          CONTENT="4.3.26."/>
               </TextLine>
               <TextLine ID="r2l4"
                         BASELINE="1661,438 1686,437 1711,437 1736,437 1761,438 1786,440 1811,441 1836,441 1861,443 1886,443 1911,443 1936,442 1962,441"
                         HEIGHT="101"
                         WIDTH="327"
                         VPOS="360"
                         HPOS="1649">
                  <String ID="string_r2l4"
                          HEIGHT="101"
                          WIDTH="327"
                          VPOS="360"
                          HPOS="1649"
                          CONTENT="Basel."/>
               </TextLine>
               <TextLine ID="r2l5"
                         BASELINE="725,587 805,587 885,587 966,587 1046,587 1127,587 1207,587 1288,587 1368,588 1449,588 1529,588 1609,588 1690,590 1770,590 1851,590 1931,590 2012,591 2092,591 2173,591 2253,591 2334,593"
                         HEIGHT="121"
                         WIDTH="1633"
                         VPOS="517"
                         HPOS="713">
                  <String ID="string_r2l5"
                          HEIGHT="121"
                          WIDTH="1633"
                          VPOS="517"
                          HPOS="713"
                          CONTENT="gemeinschaftsvertrages dienen werden. Wir sehen Ihren"/>
               </TextLine>
               <TextLine ID="r2l6"
                         BASELINE="734,687 795,687 856,687 917,687 978,686 1040,686 1101,686 1162,686 1223,686 1284,686 1346,686 1407,687 1468,687 1529,687 1590,687 1652,689 1713,689 1774,690 1835,690 1896,692 1958,693"
                         HEIGHT="95"
                         WIDTH="1248"
                         VPOS="623"
                         HPOS="722">
                  <String ID="string_r2l6"
                          HEIGHT="95"
                          WIDTH="1248"
                          VPOS="623"
                          HPOS="722"
                          CONTENT="gefl. Nachrichten herüber gerne entgegen."/>
               </TextLine>
               <TextLine ID="r2l7"
                         BASELINE="1301,780 1368,782 1435,782 1502,783 1570,783 1637,783 1704,785 1772,785 1839,785 1906,785 1974,785 2041,785 2108,785 2176,785 2243,785 2310,786 2378,786 2445,786 2512,786 2580,786"
                         HEIGHT="90"
                         WIDTH="1304"
                         VPOS="722"
                         HPOS="1289">
                  <String ID="string_r2l7"
                          HEIGHT="90"
                          WIDTH="1304"
                          VPOS="722"
                          HPOS="1289"
                          CONTENT="Sollte wider Erwarten ein Zusammenarbeiten"/>
               </TextLine>
               <TextLine ID="r2l8"
                         BASELINE="731,873 819,873 908,872 997,872 1086,872 1175,872 1263,873 1352,873 1441,873 1530,874 1619,875 1707,875 1796,876 1885,876 1974,876 2063,876 2151,878 2240,878 2329,878 2418,878 2507,878"
                         HEIGHT="98"
                         WIDTH="1800"
                         VPOS="815"
                         HPOS="719">
                  <String ID="string_r2l8"
                          HEIGHT="98"
                          WIDTH="1800"
                          VPOS="815"
                          HPOS="719"
                          CONTENT="aus uns unverständlichen Gründen nicht möglich sein, so ge-"/>
               </TextLine>
               <TextLine ID="r2l9"
                         BASELINE="725,969 819,971 914,971 1008,971 1103,971 1198,972 1292,972 1387,972 1482,972 1576,972 1671,972 1766,972 1860,974 1955,974 2050,974 2144,974 2239,975 2334,975 2428,977 2523,977 2618,978"
                         HEIGHT="77"
                         WIDTH="1919"
                         VPOS="915"
                         HPOS="712">
                  <String ID="string_r2l9"
                          HEIGHT="77"
                          WIDTH="1919"
                          VPOS="915"
                          HPOS="712"
                          CONTENT="statten wir uns, darauf hinzuweisen, dass bei einem allfälligen"/>
               </TextLine>
               <TextLine ID="r2l10"
                         BASELINE="725,1070 811,1070 898,1070 985,1070 1072,1070 1159,1070 1246,1071 1332,1071 1419,1071 1506,1071 1593,1071 1680,1071 1767,1073 1854,1073 1940,1073 2027,1073 2114,1074 2201,1074 2288,1074 2375,1076 2462,1076"
                         HEIGHT="102"
                         WIDTH="1761"
                         VPOS="1023"
                         HPOS="714">
                  <String ID="string_r2l10"
                          HEIGHT="102"
                          WIDTH="1761"
                          VPOS="1023"
                          HPOS="714"
                          CONTENT="Konkurrenzkampf das Boot &#34;Vogel-Gryf&#34; infolge seiner viel-"/>
               </TextLine>
               <TextLine ID="r2l11"
                         BASELINE="725,1169 816,1170 908,1170 1000,1170 1092,1170 1184,1172 1275,1172 1367,1172 1459,1172 1551,1173 1643,1173 1734,1173 1826,1173 1918,1175 2010,1175 2102,1175 2193,1175 2285,1175 2377,1175 2469,1176 2561,1176"
                         HEIGHT="83"
                         WIDTH="1861"
                         VPOS="1116"
                         HPOS="713">
                  <String ID="string_r2l11"
                          HEIGHT="83"
                          WIDTH="1861"
                          VPOS="1116"
                          HPOS="713"
                          CONTENT="seitigeren Verwendung und seines über 1/3 niedrigeren Preises"/>
               </TextLine>
               <TextLine ID="r2l12"
                         BASELINE="725,1271 813,1271 902,1269 990,1269 1079,1269 1167,1269 1256,1269 1344,1271 1433,1271 1521,1271 1610,1272 1699,1272 1787,1272 1876,1274 1964,1274 2053,1275 2141,1275 2230,1275 2318,1277 2407,1277 2496,1277"
                         HEIGHT="87"
                         WIDTH="1795"
                         VPOS="1212"
                         HPOS="714">
                  <String ID="string_r2l12"
                          HEIGHT="87"
                          WIDTH="1795"
                          VPOS="1212"
                          HPOS="714"
                          CONTENT="jedenfalls dem Boot &#34;Rheinfelden&#34; wesentlich überlegen ist."/>
               </TextLine>
               <TextLine ID="r2l13"
                         BASELINE="728,1362 818,1362 909,1362 999,1364 1090,1364 1181,1364 1271,1365 1362,1365 1453,1365 1543,1365 1634,1365 1725,1365 1815,1365 1906,1367 1997,1367 2087,1367 2178,1367 2269,1367 2359,1368 2450,1368 2541,1368"
                         HEIGHT="117"
                         WIDTH="1837"
                         VPOS="1304"
                         HPOS="715">
                  <String ID="string_r2l13"
                          HEIGHT="117"
                          WIDTH="1837"
                          VPOS="1304"
                          HPOS="715"
                          CONTENT="Die wichtigsten Landungsstege Basel, Augst, Rheinfelden sind"/>
               </TextLine>
               <TextLine ID="r2l14"
                         BASELINE="725,1457 812,1458 900,1460 988,1460 1076,1461 1163,1463 1251,1463 1339,1464 1427,1464 1514,1464 1602,1464 1690,1464 1778,1466 1865,1466 1953,1466 2041,1466 2129,1466 2216,1466 2304,1467 2392,1467 2480,1469"
                         HEIGHT="91"
                         WIDTH="1781"
                         VPOS="1404"
                         HPOS="712">
                  <String ID="string_r2l14"
                          HEIGHT="91"
                          WIDTH="1781"
                          VPOS="1404"
                          HPOS="712"
                          CONTENT="für alle Schiffahrt Treibenden offen. Zweifellos wird sich"/>
               </TextLine>
               <TextLine ID="r2l15"
                         BASELINE="731,1563 828,1562 925,1562 1022,1563 1120,1563 1217,1563 1314,1563 1411,1565 1509,1565 1606,1565 1703,1566 1800,1566 1898,1566 1995,1568 2092,1568 2189,1568 2287,1569 2384,1569 2481,1569 2578,1569 2676,1569"
                         HEIGHT="80"
                         WIDTH="1971"
                         VPOS="1525"
                         HPOS="718">
                  <String ID="string_r2l15"
                          HEIGHT="80"
                          WIDTH="1971"
                          VPOS="1525"
                          HPOS="718"
                          CONTENT="auch für die Schweizerhalle und das Waldhaus in dem unerwünschte"/>
               </TextLine>
               <TextLine ID="r2l16"
                         BASELINE="720,1662 809,1662 898,1664 987,1664 1076,1664 1165,1665 1254,1665 1343,1665 1432,1665 1521,1665 1611,1665 1700,1665 1789,1665 1878,1665 1967,1665 2056,1665 2145,1665 2234,1665 2323,1665 2412,1665 2502,1665"
                         HEIGHT="86"
                         WIDTH="1804"
                         VPOS="1600"
                         HPOS="709">
                  <String ID="string_r2l16"
                          HEIGHT="86"
                          WIDTH="1804"
                          VPOS="1600"
                          HPOS="709"
                          CONTENT="Fall eines Konkurrenzkampfes eine für das Boot &#34;Vogel-Gryf&#34;"/>
               </TextLine>
               <TextLine ID="r2l17"
                         BASELINE="735,1754 823,1755 911,1757 999,1757 1087,1757 1175,1758 1263,1758 1352,1758 1440,1760 1528,1760 1616,1760 1704,1760 1792,1760 1880,1760 1969,1760 2057,1761 2145,1761 2233,1761 2321,1761 2409,1763 2498,1763"
                         HEIGHT="73"
                         WIDTH="1788"
                         VPOS="1710"
                         HPOS="723">
                  <String ID="string_r2l17"
                          HEIGHT="73"
                          WIDTH="1788"
                          VPOS="1710"
                          HPOS="723"
                          CONTENT="brauchbare Lösung der Landungsstegsfrage finden lassen. Den"/>
               </TextLine>
               <TextLine ID="r2l18"
                         BASELINE="732,1850 819,1850 906,1850 993,1851 1081,1851 1168,1851 1255,1851 1342,1853 1430,1853 1517,1853 1604,1853 1691,1854 1779,1854 1866,1854 1953,1856 2040,1856 2128,1856 2215,1856 2302,1857 2389,1857 2477,1857"
                         HEIGHT="128"
                         WIDTH="1771"
                         VPOS="1780"
                         HPOS="719">
                  <String ID="string_r2l18"
                          HEIGHT="128"
                          WIDTH="1771"
                          VPOS="1780"
                          HPOS="719"
                          CONTENT="Schaden von einem Konkurrenzkampf haben die Eigentümer der"/>
               </TextLine>
               <TextLine ID="r2l19"
                         BASELINE="732,1946 822,1947 912,1947 1002,1947 1092,1949 1182,1949 1272,1949 1362,1950 1452,1950 1542,1950 1633,1952 1723,1952 1813,1952 1903,1952 1993,1953 2083,1953 2173,1953 2263,1953 2353,1953 2443,1953 2534,1953"
                         HEIGHT="88"
                         WIDTH="1827"
                         VPOS="1898"
                         HPOS="719">
                  <String ID="string_r2l19"
                          HEIGHT="88"
                          WIDTH="1827"
                          VPOS="1898"
                          HPOS="719"
                          CONTENT="beiden Boote. Es ist auch zu befürchten, dass die ganze Per-"/>
               </TextLine>
               <TextLine ID="r2l20"
                         BASELINE="725,2045 816,2046 907,2048 998,2048 1089,2049 1180,2049 1271,2049 1362,2049 1453,2049 1544,2049 1635,2049 1726,2050 1817,2051 1908,2051 1999,2051 2090,2051 2181,2052 2272,2052 2363,2054 2454,2055 2546,2057"
                         HEIGHT="91"
                         WIDTH="1845"
                         VPOS="2006"
                         HPOS="713">
                  <String ID="string_r2l20"
                          HEIGHT="91"
                          WIDTH="1845"
                          VPOS="2006"
                          HPOS="713"
                          CONTENT="sonenschiffahrt in Misskredit gerät, wenn eine Verständigung"/>
               </TextLine>
               <TextLine ID="r2l21"
                         BASELINE="728,2142 819,2143 911,2144 1002,2144 1094,2145 1185,2145 1277,2145 1368,2145 1460,2145 1551,2145 1643,2145 1735,2145 1826,2147 1918,2147 2009,2147 2101,2147 2192,2148 2284,2148 2375,2150 2467,2151 2559,2151"
                         HEIGHT="122"
                         WIDTH="1854"
                         VPOS="2072"
                         HPOS="716">
                  <String ID="string_r2l21"
                          HEIGHT="122"
                          WIDTH="1854"
                          VPOS="2072"
                          HPOS="716"
                          CONTENT="nicht zustande kommt. Aus diesem Grunde haben wir uns bemüht."/>
               </TextLine>
               <TextLine ID="r2l22"
                         BASELINE="725,2237 811,2238 897,2240 984,2243 1070,2243 1157,2244 1243,2246 1329,2246 1416,2246 1502,2246 1589,2247 1675,2247 1761,2247 1848,2247 1934,2247 2021,2247 2107,2247 2193,2247 2280,2249 2366,2249 2453,2250"
                         HEIGHT="81"
                         WIDTH="1751"
                         VPOS="2192"
                         HPOS="713">
                  <String ID="string_r2l22"
                          HEIGHT="81"
                          WIDTH="1751"
                          VPOS="2192"
                          HPOS="713"
                          CONTENT="Ihnen einen Vorschlag zu machen, von dem wir hoffen, dass"/>
               </TextLine>
               <TextLine ID="r2l23"
                         BASELINE="732,2337 820,2336 908,2336 996,2336 1084,2337 1172,2337 1260,2337 1348,2337 1436,2337 1524,2339 1612,2339 1700,2339 1788,2340 1876,2340 1964,2341 2052,2342 2140,2342 2228,2343 2316,2343 2404,2345 2492,2345"
                         HEIGHT="104"
                         WIDTH="1785"
                         VPOS="2283"
                         HPOS="720">
                  <String ID="string_r2l23"
                          HEIGHT="104"
                          WIDTH="1785"
                          VPOS="2283"
                          HPOS="720"
                          CONTENT="auch Sie ihn als annehmbare Grundlage zur Diskussion eines"/>
               </TextLine>
               <TextLine ID="r2l24"
                         BASELINE="719,2435 788,2435 858,2435 927,2435 997,2435 1067,2436 1136,2436 1206,2436 1276,2436 1345,2436 1415,2436 1485,2436 1554,2436 1624,2436 1694,2438 1763,2438 1833,2438 1903,2439 1972,2441 2042,2442 2112,2442"
                         HEIGHT="115"
                         WIDTH="1419"
                         VPOS="2382"
                         HPOS="706">
                  <String ID="string_r2l24"
                          HEIGHT="115"
                          WIDTH="1419"
                          VPOS="2382"
                          HPOS="706"
                          CONTENT="Betriebsgemeinschaftsvertrages ansehen werden."/>
               </TextLine>
               <TextLine ID="r2l25"
                         BASELINE="1713,2528 1739,2529 1765,2529 1791,2529 1817,2529 1843,2529 1869,2529 1895,2529 1921,2529 1947,2529 1973,2529 1999,2529 2025,2531 2052,2531"
                         HEIGHT="72"
                         WIDTH="363"
                         VPOS="2480"
                         HPOS="1701">
                  <String ID="string_r2l25"
                          HEIGHT="72"
                          WIDTH="363"
                          VPOS="2480"
                          HPOS="1701"
                          CONTENT="Hochachtend"/>
               </TextLine>
               <TextLine ID="r2l26"
                         BASELINE="1809,2579 1835,2580 1862,2580 1888,2579 1915,2579 1941,2579 1968,2579 1995,2579"
                         HEIGHT="53"
                         WIDTH="211"
                         VPOS="2540"
                         HPOS="1797">
                  <String ID="string_r2l26"
                          HEIGHT="53"
                          WIDTH="211"
                          VPOS="2540"
                          HPOS="1797"
                          CONTENT="BASIER"/>
               </TextLine>
               <TextLine ID="r2l27"
                         BASELINE="1355,2616 1406,2619 1457,2622 1508,2624 1559,2625 1610,2627 1661,2627 1712,2628 1763,2628 1814,2630 1865,2630 1916,2630 1967,2630 2018,2630 2069,2630 2120,2630 2171,2630 2222,2630 2273,2630 2324,2630 2375,2630"
                         HEIGHT="98"
                         WIDTH="1044"
                         VPOS="2570"
                         HPOS="1343">
                  <String ID="string_r2l27"
                          HEIGHT="98"
                          WIDTH="1044"
                          VPOS="2570"
                          HPOS="1343"
                          CONTENT="RHE INSCHIFFAHRT-AKTIENGESELLSCHAFT"/>
               </TextLine>
               <TextLine ID="r2l28"
                         BASELINE="1703,2730 1729,2730 1756,2730 1782,2730 1809,2729 1836,2729 1862,2729 1889,2729 1915,2729 1942,2729 1969,2729 1995,2729 2022,2729 2048,2730 2075,2730 2102,2730"
                         HEIGHT="143"
                         WIDTH="425"
                         VPOS="2641"
                         HPOS="1690">
                  <String ID="string_r2l28"
                          HEIGHT="143"
                          WIDTH="425"
                          VPOS="2641"
                          HPOS="1690"
                          CONTENT="Der Piäsigt"/>
               </TextLine>
               <TextLine ID="r2l29"
                         BASELINE="1791,2822 1817,2825 1843,2827 1869,2830 1895,2834 1921,2836 1948,2838 1974,2842 2000,2844 2026,2846 2052,2849 2079,2851 2105,2853 2131,2853 2157,2855 2183,2855 2210,2856"
                         HEIGHT="158"
                         WIDTH="452"
                         VPOS="2733"
                         HPOS="1775">
                  <String ID="string_r2l29"
                          HEIGHT="158"
                          WIDTH="452"
                          VPOS="2733"
                          HPOS="1775"
                          CONTENT="CG"/>
               </TextLine>
            </TextBlock>
         </PrintSpace>
      </Page>
   </Layout>
</alto>
