2922 3589
620 766 96 117 6/1

1534 298 794 107 Basel, den 24. März 1926.

2182 401 89 73 roti

2083 691 430 120 m für Binnen-

1385 673 337 136 Intornation

1431 799 320 80 schiffahrt

1871 800 577 83 Wasserkraftnutzung

1788 848 349 122 Dasene

2105 877 359 182 Dra s 6 1-

855 988 834 176 triffe Fersonenschiffahrt.

1796 1093 57 61 07

1295 1113 1225 129 Wir bestätigen die Ensprechung, die wir

786 1197 1699 136 vor einigen Tagen mit Ihrem Herrn Direktor Dr. Krasting

792 1324 1711 123 und Herrn Christ hatten. In dieser Besprechung hat Herr

791 1418 1785 88 Christ den Vorschlag gemacht, dass ein Ausstellungskomitee

801 1529 1742 82 die beiden Schiffe "Rheinfelden" und "Vogel-Gryf" zum Be-

788 1605 1699 150 trieb übernimmt. Der Vorschlag sollte einen Weg zeigen,

777 1691 1718 126 die bestehenden persönlichen Schwierigkeiten auf Seiten

779 1818 1844 108 der Personenschiffahrtsgesellschaft, die dem Abschluss einer

786 1929 1779 115 vernünftigen Betriebsgemeinschaft entgegenstehen, zu über-

794 2023 244 110 winden.

1310 2106 1251 115 Wir haben uns bereit erklärt, unser Boot

791 2224 1797 119 auch auf diese Art und Weise zur Verfügung der Ausstellung

786 2330 1771 96 zu stellen. Wir bitten Sie, uns gefl. mitzuteilen, ob und

794 2432 1809 103 in welcher Form dieser Vorschlag, der von Herrn Christ per-

790 2507 1877 105 sönlich gemacht worden ist, auch von der Personenschiffahrts-

796 2627 943 94 gesellschaft angenommen wurde.

1302 2710 1314 114 Wir sind selbstverständlich bereit, andere

789 2808 1890 112 Vorschläge, wenn wider Erwarten auch dieser unseres Brachtens

796 2917 1737 103 gute Vorschlag auf Widerstand stossen sollte, zu prüfen.

801 3007 1725 96 Wir möchten wirklich unsererseits alles tun, um eine Be-

792 3136 1744 107 triebsgemeinschaft, wie sie im Interesse der Ausstellung

2367 3205 118 123 ./.
