2925 3605
2075 327 124 111 21

1693 349 142 93 Bus

1309 368 247 136 ischer.

569 364 162 91 Herrn

852 519 1471 128 lleicht doch einselne Herren Ihres Verstendes zu

564 598 1445 118 Verhalten Ihres Ferschals Anlass gegeben haben.

1228 694 1219 107 Der Verschlag, den Sie uns in der Sitzun

583 785 1922 142 vom 15. Juni gemacht haben, sah für uns eine Bindung auf die zu

604 905 1826 120 chen von Ihnen festgesotzten Tarife vor, ferner eine Bindung

575 997 1945 127 auf einen Fahrplan. Irgendeine Gegenleistung Ihrerseits haben 31

1909 1095 664 117 es Sie diesen Verschla

1629 1102 157 112 ehmen

826 1108 584 110 rgeschlagen. Wir ud

2026 1190 485 107 ht haben, datit

573 1203 1274 97 nach dem ganzen Gang der Verhändlungen nur

2052 1273 527 119 aus im Ernst der

816 1292 1117 104 me abgelehnt wird, denn Sie können we

1384 1384 1105 96 den Verhindlungen, die zwiechen uns

657 1376 611 112 sicht gewesen sein, 1

578 1457 2042 117 Ihrem Delegierten, Herrn Christ stattgefanden haben, dass eine der-

637 1560 1141 102 rtige Bindung unserseits möglich izt.

1230 1648 1475 110 Wir haben Ihnen in der Besprechung vom 13. Juni

940 1747 1357 106 teilt, dass wir unser Beet so betreiben werde

1269 1836 1169 114 estellung und in Interesse des Fublikum

596 1856 447 115 es im Interesse

1237 1942 1163 107 rständlich werden wir die Tarife so an-

574 1960 371 106 liegen wird.

604 2052 1989 108 setzen, dass wir auf unsere Rechnung kommen. Zu den von Ihnen vor-

1426 2126 1198 130 rifen können wir uns aber nicht binden.

1142 2148 58 114 se

678 2157 278 124 chlegenen

1252 2243 1194 127 Wir legen Wert darauf, durch diess aus-

1102 2349 1397 104 ug klar zu stellen, dass en dem Schwitern der

610 2443 1617 118 Verhandlungen wir jedenfalls keinerlei Schuld tragen.

1687 2529 383 151 Hochrehtend
