2925 3609
308 290 465 83 DR FRITZ STEIGER

318 365 459 75 DR MAX VISCHER

301 427 478 65 ADVOKATEN UND NOTARE

456 474 179 71 BASEL

363 525 366 119 FREIESTRASSE 65

345 630 407 74 TELEPHON SAFRAN 4957

379 685 332 77 POSTCHECK V 2770

2483 215 66 86 (

1773 367 786 167 Basel, den 28. Juni 1925.

1082 524 199 131 Herrn

1316 638 691 138 P. Christ-Wackernagel,

1172 753 1092 125 vom Hause Paravicini, Christ à C0.,

1798 847 319 87 Basel

1744 899 428 174 Kaufhausgasse

779 1083 813 147 Sehr geehrter Herr Christ,

1293 1179 1272 137 Mit bestem Dank bestätige ich den Empfang

783 1277 1819 111 Ihres Geehrten vom 25. ct. mit dem Entwurf eines Schreibens

789 1395 1929 119 an die Basler Rheinschiffahrt Aktiengesellschaft. Ich überlasse

796 1517 1776 95 es gerne Ihrem Ermessen, ob Sie an die Gesellschaft oder an

784 1586 1828 100 die Leitung der Ausstellung schreiben wollen. Ich persönlich

780 1699 1929 120 habe keine Lust, eine direkte Korrespondenz mit Herrn Groschupf

788 1789 1824 104 zu führen, nachdem dieser uns in derart beleidigender Weise

795 1895 1833 121 geschrieben hat. Der Vorstand der Personenschiffahrtsgesell-

788 1999 1861 115 schaft hat inzwischen in seiner Sitzung vom 25.ct. einstimmig

789 2099 1219 93 den von mir entworfenen Brief genehmigt.

1108 2166 1515 139 Was nun Ihren Entwurf anbetrifft, so gestatte ich

775 2294 1140 103 mir, folgende Abänderungen anzuregen:

773 2386 1936 128 ad Ziff. 4 & 5. Die Konferenz an der Sie die Anregung der Ueber-

783 2496 1845 105 nahme des Betriebs durch eine Ausstellungskommission gemaght

796 2586 1778 129 haben, muss vor dem 24. März, nämlich um den 20. März berum

795 2678 1739 120 stattgefunden haben. Nach Durchsicht der Akten konnte ich

794 2788 1872 98 ferner feststellen, dass der Vorstand der Personenschiffahrte-

801 2892 1795 96 gesellschaft in seiner Sitzung vom 11. März mich einstimmig

795 2987 1787 98 ermächtigt hat, die Verhandlungen weiterzuführen, wobei ich

788 3075 1757 126 die Verpflichtung übernahm mich jeweils mit Ihnen und den

791 3185 1893 143 Herren Stauffacher und Oettinger zu verständigeh. Uhter dieseh
