2925 3605
1317 358 128 181 -2-

778 471 1825 130 Herren, die ich in meiner Antwort an die Ausstellungsleitung

783 617 1835 93 als" von unserm Vorstand für die Verhandlungen eingesetzten

779 702 1860 136 Ausschuss" bezeichnet habe, wurde das Ergebnis der Kenferens/

774 807 1882 132 die um den 20. März herum stattgefunden hatte, bespröchen, und

782 916 1843 101 man fand einstimmig, es sei richtiger, Ihre persönliche An-

779 996 1926 125 ragung fallen zu lassen, dafür aber die Miete und und Indienst-

771 1087 1882 146 nahme des "Vogel Gryf" durch unsere Gesellschaft in Verschlag

787 1205 1808 112 zu bringen. Ich würde es sehr begrüssen, wenn Sie in diesem

783 1267 1908 147 Sinne Ihre Ausführungen noch etwas mehr den unserigen anpassen

772 1396 1918 132 wollten. Namentlich scheint mir wichtig, dass jegliche Wendung

779 1492 1772 108 vermieden wird, die auf einen Gegensatz zwischen Ihnen und

782 1594 1963 127 unserm Vorstand hindeuten könnte. Ich würde es daher für richtig

770 1710 1879 110 halten, wenn Sie den Passus 7...... dass ich versuchen wolle,

772 1795 1979 147 unserm Vorstand für eine Einigung zu gewinnen....." unterdrücken

781 1901 259 135 könnten.

1013 1989 1366 116 Mit hochachtungsvollen Grüssen Ihr ergebener

1999 2086 538 111 Riwalteeb
