2925 3605
1360 439 79 116 -2-

584 543 1873 110 Bereitschaft, darüber zu verhandeln. Da wir aus früheren Ver-

589 624 2045 105 handlungen schon darüber orientiert sind, wie diese Preiskonvention

594 746 1929 102 aussehen soll, erklären wir schon zum vornherein, dass wir kein

581 818 1894 116 Interesse mehr haben, mit Ihnen zu verhandeln, umsoweniger, als

584 927 1920 98 wir unterm 27. Juli einen Brief Ihres Geschäftsführers erhalten

586 1028 1902 97 haben, worin geschrieben steht, Ihr Geschäftsführer gehöre nun

579 1131 1984 90 auch zu denjenigen Herren, die der Meinung sind, dass man mit uns

593 1246 2062 98 nicht auf anständige Weise auskommen könne. Wir nehmen ohne weiteres

589 1330 1944 97 an, dass Sie nicht mit einer Gesellschaft, die Sie als nicht an-

595 1451 2005 89 ständig taxieren, in Verhandlungen treten wollen. Kämen, abgesehen

591 1522 1947 113 von allen diesen Dingen, Verhandlungen in Betracht, so waren wir

589 1631 1976 108 nicht in der Lage, mit Ihrem Präsidenten, Herrn Dr.Max Vischer zu

584 1742 1986 74 verhandeln, da wir Ihnen über dessen Verhandlungsweise mit unserm

590 1841 1919 84 Schreiben vom 21.VI. unsere Ansicht mitgeteilt haben. Herr Vice-

591 1938 1918 99 präsident Christ käme ebenfalls nicht mehr in Betracht, da Sie,

591 2019 2039 96 trotzdem Sie es heute abstreiten, diesen Herrn uns gegenüber bloss-

593 2146 1876 85 gestellt haben. Wir würden uns heute nur bereit erklären, mit

587 2231 2040 84 denjenigen Personen zu verhandeln, die aus sicherem Versteck heraus

582 2322 1929 106 gegen uns mit allen Mitteln agitieren und versuchen, uns, wo es

590 2431 1860 98 auch sei, Schwierigkeiten zu bereiten und das ist Herr Werner

589 2529 2005 108 Stauffacher. Wenn sich dieser Herr nicht entschliessen kann, seine

576 2618 2024 119 Agitation aus dem Hintergrund aufzuheben und offen mit uns zu ver-

582 2722 1955 99 handeln, so haben wir Ihnen nichts weiteres mehr mitzuteilen. Wir

588 2825 1944 123 haben uns bei der Regierung des Kantons Aargau über Ihre neueste

588 2935 2131 92 Aktion, die gegen unsere Gesellschaft gerichtet war, überzeugen können

592 3021 1939 117 und müssen gestehen, dass wir es als beschämend empfunden haben.

584 3135 2000 95 dass Sie es nicht verschmähten, mit solchen Mitteln uns auch dort

583 3228 2077 97 Schwierigkeiten zu bereiten. Wir haben ebenfalls von Ihren Bemühungen
