2932 3593
2435 227 217 109 3

667 255 241 82 Basler

259 325 1041 135 Rheinschiffahrt-Aktiengesellschaft

1639 368 937 104 Basel, den 15. September 1927.

656 422 264 75 Marktgasse 5

657 510 253 71 Postfach Basel1

585 553 399 63 Telephon: Safran 47.90

588 607 393 49 Telegramme: Navibale

578 655 404 56 Postcheck- Konto V 3012

400 695 754 80 Bankverbindung: Schweizerischer Bankverein, Basel

728 847 134 81 G/M

1199 895 1102 105 Herrn Rupprecht, Hotelier,

1332 1001 455 93 Soolbad "Eden",

1829 1090 701 124 Rheinfelden.

739 1243 904 123 Sehr geehrter Herr Rupprecht,

1630 1342 850 98 Wir kommen heute zurück auf

762 1427 1679 119 die Unterredungen, die wir vor einigen Wochen mit Ihnen

751 1568 1523 72 und mit Herrn Oettinger zu führen die Ehre hatten.

1209 1649 1296 110 Wir können Ihnen heute mitteilen, dass das

758 1735 1742 121 neue Personenschiff bestellt ist. Es bekommt ungefähr die

759 1849 1761 117 Grösse der "Rheinfelden", aber bedeutend stärkere Motoren.

758 1958 1707 101 Die Pläne sind wieder von Herrn Ingenieur Ryniker ausge-

769 2040 1819 123 arbeitet worden, unter Berücksichtigung all der Erfahrungen,

759 2156 1803 103 welche die Praxis der Personenschiffahrt bis jetzt gebracht

758 2256 1891 90 hat. Das Schiff wird im April nächsten Jahres fahrbereit sein.

1213 2343 1373 105 Wir hoffen, dass bis dahin auch eine Regelung

770 2448 1694 93 mit der Personenschiffahrtsgesellschaft über den Betrieb

775 2567 1705 73 der "Rheinfelden" getroffen werden kann. Herr Dr. Speich

765 2654 1761 101 war bis jetzt leider nicht in der Lage, Besprechungen auf-

772 2741 1705 118 zunehmen, da er in den Ferien und anschliessend daran im

774 2862 1796 88 Militärdienst war. Nachdem er nun zurückgekehrt ist, werden

774 2978 1754 78 wir ihn über die Sachlage unterrichten und er selbst kann

765 3048 1806 89 die besprochene Fühlungnahme mit den Basler Herren des Vor-

776 3132 1637 103 standes der Personenschiffahrtsgesellschaft aufnehmen.

2373 3272 99 82 ./.
