2925 3606
1574 278 40 118 5

749 369 1821 95 An den Vorstand der Basler Personenschiffahrts-Gesellschaft.

2419 439 285 96 18.2.28.

1483 450 327 99 Basel.

759 538 1833 75 Rheinfelden und vielleicht auch ein etwas regelmässiger ein-

774 625 1947 110 treten. Selbstverständlich würden wir auch die Zwischenstationen

769 760 1804 72 zu entsprechenden Preisen berücksichtigen. Für das Publikum

757 840 1947 91 bietet die Miete des Schiffes durch uns wohl die beste mögliche

760 940 244 127 Lösung.

1376 1130 1201 95 Wir haben selbstverständlich auch andere

764 1227 1722 103 mögliche Formen einer Betriebsgemeinschaft erwogen, sind

764 1348 1806 78 aber zum Schluss gekommen, dass sie alle zu kompliziert und

763 1436 1823 128 deshalb zu teuer sind. Die Personenschiffahrt in Basel wird

774 1523 1833 97 in den nächsten Jahren ein Geschäft sein, das keinen Franken

772 1617 1872 109 überflüssige Ausgaben verträgt. Deshalb sind wir auf die ein-

767 1731 1016 112 fachste mögliche Lösung gekommen.

1386 1837 1139 102 Zu einem Kaufvorschlag können wir uns

776 1919 1860 92 nicht entschliessen, insbesondere weil das Boot "Rheinfelden"

768 2027 1809 109 für das Basler Hafengebiet heute leider schon veraltet ist.

772 2131 1840 76 Neue Boote werden sicher in der Kombination als Schlepp- und

770 2226 1904 90 Personenboote gebaut werden. Die neuen Sulzer-Kreuzkopfmotoren

782 2341 1993 99 sind gegenüber den Motoren des Schiffes "Rheinfelden" ökonomischer

781 2427 1781 113 und auch für den Betrieb viel zweckmässiger. Der sehr hohe

770 2534 1798 83 Schmierölverbrauch des Bootes "Rheinfelden" wird bei neuen,

784 2633 1889 94 stärkeren Sulzer-Motoren bei weitem nicht erreicht werden. Die

783 2740 1771 74 für die Personenbeförderung sehr lästige Plage, verursacht

788 2838 1828 72 durch den Oelrauch, die bis jetzt alle Verbesserungen an der

779 2931 1867 111 "Rheinfelden" nicht haben wegschaffen können, fällt bei neuen

767 3024 1973 116 Sulzer-Motoren weg. Neue Schiffe werden dann auch ganz bedeutend

777 3142 1819 79 billiger, bei qualitativ gleicher oder besserer Arbeit, als

2499 3287 109 115 ./.
