2925 3607
1522 245 770 159 Basel, den 1. März 1928.

686 291 209 84 Basler

284 354 965 85 Rheinschiffahrt-Aktiengesellschaft

617 441 326 70 Marktgasse 5

616 531 329 65 Postfach Basel I

539 571 477 67 Telephon: Safran 47. 90

534 635 486 47 Telegramme: Navibale

526 677 491 62 Postcheck- Konto V 3012

1360 645 1207 118 Basler Personenschiffahrtsgesellschaft,

303 728 960 77 Bankverbindung: Schweizerischer Bankverein, Basel

1793 767 358 110 Basel.

752 827 126 107 G/M

758 1108 1207 120 Betrifft Ihr Schreiben vom 27. Februar.

1370 1206 1057 123 Mit unserm ausführlichen Schreiben

775 1302 1721 133 vom 18. Februar haben wir uns gestattet, Ihnen unsere An-

771 1419 1684 93 sicht über das Verhältnis der beiden Personenschiffahrt

775 1512 1744 112 treibenden Gesellschaften darzulegen. Wir haben eingehend

768 1613 1832 89 begründet, warum wir keine Möglichkeit sehen, eine Betriebs-

768 1717 1822 100 gemeinschaft zu organisieren, die einfach ist und gestattet,

773 1827 1739 75 den Verkehr so zu entwickeln und durchzuführen, dass alle

763 1900 1769 90 Beteiligten auf ihre Rechnung kommen. Wir sind nach einge-

770 1999 1691 105 hender Untersuchung zur Ansicht gekommen, dass die ein-

783 2116 1625 83 fachste Form der Betriebsgemeinschaft die Miete Ihres

782 2210 1742 76 Schiffes "Rheinfelden", durch uns ist. Wir haben uns heute

783 2302 1805 109 noch einmal, Ihrer Anregung entsprechend, die Angelegenheit

788 2397 1714 95 gründlich überlegt, sind aber leider wieder zum gleichen

781 2480 1855 123 Resultat gekommen. Die Verhältnisse in der Personenschiffahrt

779 2578 1902 91 sind so, dass wirklich nur die einfachste Betriebsorganisation

788 2689 1710 83 angewendet werden darf. Alles, was irgendwie eine rasche

794 2797 1843 79 Verfügung über die Schiffe erschwert, schädigt das Erträgnis.

789 2879 1770 104 Die Verhältnisse in der Rheinschiffahrt im allgemeinen und

777 2991 1843 103 auch in der Personenschiffahrt Basel - Rheinfelden sind oftt
