2925 3607
2467 198 128 131 20

825 579 164 102 0/H.

2123 612 477 163 24. März 1928.

552 729 358 124 Verkauf.

662 911 1135 146 An die Baaler Rheinschiffahrt A.-3.,

656 1017 331 67 Basel.

1263 1118 1436 121 Wir bekennen uns zum Empfang Ihrer geschätzten

662 1232 1956 97 Offerte bezüglich Ankauf unseres Schiffes "Rheinfelden". Ange-

662 1315 2009 110 sichte des ven Ihnen geforderten beschleunigten Verfahrens, wurde

662 1466 1652 86 eine Verstundssitzung auf heute Vormittag einberufen.

966 1542 1665 101 Der Unterzeichnete ist wegen Abreise der andern Zeich-

661 1631 1986 107 nungsberechtigten allein beauftragt. Ihnen mitzuteilen, dass in

662 1746 1918 112 der ebigen Vorstandssitzung einstimmig beschlessen worden ist.

674 1856 2004 104 auf Ihre Offerte einzutreten. Als weitere Verhandlungspunkte sind

668 1950 338 137 zu nennen!

667 2045 2013 106 1.) Um 20% auf das Genessenschaftskapital ausschütten zu können.

823 2138 1816 145 unter gleichzeitiger Tilgung aller Schulden und Hypotheken,

823 2269 1453 119 bedürfen wir des Betrages von frs. 105.864.65.

978 2338 1635 138 Wir hoffen gerne, dass Sie diese bescheidene Erhöhung

673 2457 1928 118 Ihres Angebotes annehmen werden, umsemehr als nach Trüfung der

686 2565 1946 107 Akten auch noch der feste Steg in Schweizerhall in Ihren Besitz

675 2671 1747 111 übergehen wird. Es liegt dort nur das Servitut vor, dass

729 2785 1840 105 dem Verein für die Schiffahrt auf dem Oberrhein die weitere

675 2864 1054 125 freie Benützung garantiert wird ".
