2925 3605
1544 293 121 74 2 -

1741 348 932 136 Rheinfeldon. 2.4.29.

686 351 733 149 Kur- und Verkehrsverein,

689 472 1705 129 angelegenheit eingehen, in der Annahme, dass die Basler

689 595 1965 80 Personenschiffahrtsgesellschaft selbst nach Verkauf des Schiffes

716 688 1210 93 Rheinfelden" an uns sich auflösen wird.

1296 738 1210 143 Wir erklären uns Mermit bereit, mit dem

692 885 1933 96 uns zur Verfügung stehenden Schiffspark die Schiffahrt zwischen

698 981 1793 100 Basel und Kheinfelden mindestens in dem bisherigen von der

688 1087 1828 86 Basler Personenschiffahrtsgesellschaft durchgeführten Masse

698 1155 1905 152 aufrecht zu erhalten. Diese Verpflichtung übernehmen wir Ihnen

691 1272 1774 96 gegenüber für die Dauer von fünf Jahren. Das Eingehen der

703 1352 1949 115 Verpflichtung für diese Frist will nun aber keineswegs bedeuten.

700 1465 1975 129 dass wir etwa nur die Absicht haben, noch fünf Jahre nach Rhein-

695 1589 1870 93 felden zu fahren und dann die Personenschiffahrt eingehen zu

709 1659 1924 121 lassen. Wir heben in Gegenteil, wie je schon die von uns durch-

704 1759 1863 132 geführten Schiffsbauten beweisen, die Absicht, die Personen-

704 1889 1858 87 schiffahrt nach Rheinfelden immer mehr zu entwickeln. Ausser

701 1962 1839 101 dem von uns angekauften Schiff "Rheinfelden" stehen uns zur

710 2055 1814 128 Verfügung das Schiff "Vogel Cryff" und das Ende Juni fertig

710 2187 1863 95 werdende Schiff "Lällekönig", das ca. 300 Plätze und 320 P.S.

703 2290 1829 77 Maschinenstärke haben wird. Es ist selbstverständlich, dass

704 2366 1761 121 wir auch nach Erlöschen der Verpflichtung Ihnen gegenüber

704 2465 1795 97 schon aus unserm eigenen wirtschaftlichen Interesse an der

716 2574 1820 99 Personenschiffahrt heraus die Fahrt nach Rheinfolden weiter

718 2665 944 148 pflegen und entwickeln werden.

1286 2750 1317 130 Unsere Verpflichtung Ihnen gegenüber tritt

717 2884 1912 85 in Kraft an dem Tage, an dem die Generalversammlung der Basler

705 2978 1749 109 Personenschiffahrtsgesellschaft den Verkauf des Schiffes

737 3069 952 94 "Rheinfelden" an uns genehmigt.

1315 3143 1292 157 Sie dürfen überzeugt sein, dass wir alles

2168 3269 134 122 ./.
