<?xml version="1.0" encoding="UTF-8"?>
<alto xmlns:xsi="http://www.w3.org/2001/XMLSchema-instance"
      xmlns="http://www.loc.gov/standards/alto/ns-v4#"
      xmlns:page="http://schema.primaresearch.org/PAGE/gts/pagecontent/2013-07-15"
      xsi:schemaLocation="http://www.loc.gov/standards/alto/ns-v4# https://www.loc.gov/standards/alto/v4/alto.xsd">
   <Description>
      <MeasurementUnit>pixel</MeasurementUnit>
      <OCRProcessing ID="IdOcr">
         <ocrProcessingStep>
            <processingDateTime>2022-02-15T15:27:29.682+01:00</processingDateTime>
            <processingSoftware>
               <softwareCreator>READ COOP</softwareCreator>
               <softwareName>Transkribus</softwareName>
            </processingSoftware>
         </ocrProcessingStep>
      </OCRProcessing>
   </Description>
   <Layout>
      <Page ID="Page1" PHYSICAL_IMG_NR="1" HEIGHT="3601" WIDTH="2915">
         <TopMargin HEIGHT="0" WIDTH="2915" VPOS="0" HPOS="0"/>
         <LeftMargin HEIGHT="3601" WIDTH="0" VPOS="0" HPOS="0"/>
         <RightMargin HEIGHT="3601" WIDTH="0" VPOS="0" HPOS="2915"/>
         <BottomMargin HEIGHT="0" WIDTH="2915" VPOS="3601" HPOS="0"/>
         <PrintSpace HEIGHT="3601" WIDTH="2915" VPOS="0" HPOS="0">
            <TextBlock ID="r1" HEIGHT="1385" WIDTH="1999" VPOS="561" HPOS="662">
               <Shape>
                  <Polygon POINTS="662,561 662,1946 2661,1946 2661,561"/>
               </Shape>
               <TextLine ID="r1l1"
                         BASELINE="662,618 761,618 860,617 959,617 1058,616 1158,615 1257,615 1356,614 1455,614 1554,614 1654,614 1753,612 1852,612 1951,612 2050,611 2150,611 2249,611 2348,611 2447,611 2546,609 2646,609"
                         HEIGHT="97"
                         WIDTH="2008"
                         VPOS="530"
                         HPOS="650">
                  <String ID="string_r1l1"
                          HEIGHT="97"
                          WIDTH="2008"
                          VPOS="530"
                          HPOS="650"
                          CONTENT="nahmen gerüstet zu sein. Wir sind indessen nicht in der Lage, die"/>
               </TextLine>
               <TextLine ID="r1l2"
                         BASELINE="668,719 764,717 861,717 957,717 1054,716 1151,716 1247,716 1344,714 1441,714 1537,714 1634,713 1731,713 1827,713 1924,713 2021,711 2117,711 2214,711 2311,710 2407,710 2504,710 2601,708"
                         HEIGHT="81"
                         WIDTH="1958"
                         VPOS="643"
                         HPOS="656">
                  <String ID="string_r1l2"
                          HEIGHT="81"
                          WIDTH="1958"
                          VPOS="643"
                          HPOS="656"
                          CONTENT="von Ihnen nunmehr geforderte Bedingung anzunehmen, dass wir uns"/>
               </TextLine>
               <TextLine ID="r1l3"
                         BASELINE="671,819 769,819 868,819 967,818 1065,818 1164,818 1263,816 1361,816 1460,815 1559,815 1658,813 1756,813 1855,812 1954,812 2052,812 2151,810 2250,810 2348,810 2447,810 2546,809 2645,809"
                         HEIGHT="72"
                         WIDTH="2000"
                         VPOS="768"
                         HPOS="657">
                  <String ID="string_r1l3"
                          HEIGHT="72"
                          WIDTH="2000"
                          VPOS="768"
                          HPOS="657"
                          CONTENT="in keiner Weise mit Personenschiffahrt in Basel und Umgebung ab-"/>
               </TextLine>
               <TextLine ID="r1l4"
                         BASELINE="672,920 767,920 863,920 958,918 1054,918 1149,918 1245,917 1340,917 1436,915 1531,915 1627,914 1722,914 1818,912 1913,912 2009,911 2104,911 2200,910 2295,909 2391,909 2486,908 2582,908"
                         HEIGHT="88"
                         WIDTH="1936"
                         VPOS="853"
                         HPOS="659">
                  <String ID="string_r1l4"
                          HEIGHT="88"
                          WIDTH="1936"
                          VPOS="853"
                          HPOS="659"
                          CONTENT="geben noch Schiffe zu diesem Zwecke mieten werden, ohne Ihr aus-"/>
               </TextLine>
               <TextLine ID="r1l5"
                         BASELINE="675,1022 771,1020 867,1020 963,1019 1060,1019 1156,1019 1252,1017 1348,1017 1445,1016 1541,1016 1637,1014 1733,1014 1830,1013 1926,1013 2022,1011 2118,1011 2215,1011 2311,1010 2407,1010 2503,1010 2600,1010"
                         HEIGHT="92"
                         WIDTH="1950"
                         VPOS="953"
                         HPOS="662">
                  <String ID="string_r1l5"
                          HEIGHT="92"
                          WIDTH="1950"
                          VPOS="953"
                          HPOS="662"
                          CONTENT="drückliches Einverständnis. Diese von Ihnen gestellte Bedingung"/>
               </TextLine>
               <TextLine ID="r1l6"
                         BASELINE="674,1119 769,1119 864,1119 960,1119 1055,1119 1151,1118 1246,1118 1342,1116 1437,1116 1533,1115 1628,1115 1723,1113 1819,1112 1914,1112 2010,1110 2105,1110 2201,1109 2296,1109 2392,1107 2487,1107 2583,1107"
                         HEIGHT="111"
                         WIDTH="1936"
                         VPOS="1055"
                         HPOS="661">
                  <String ID="string_r1l6"
                          HEIGHT="111"
                          WIDTH="1936"
                          VPOS="1055"
                          HPOS="661"
                          CONTENT="bedeutet ein Novum. Weder währendVmündlichen Verhandlungen noch"/>
               </TextLine>
               <TextLine ID="r1l7"
                         BASELINE="683,1223 781,1223 880,1221 979,1221 1078,1221 1177,1220 1276,1218 1375,1218 1474,1217 1573,1217 1672,1215 1770,1214 1869,1214 1968,1212 2067,1212 2166,1211 2265,1211 2364,1211 2463,1209 2562,1209 2661,1209"
                         HEIGHT="90"
                         WIDTH="2006"
                         VPOS="1153"
                         HPOS="669">
                  <String ID="string_r1l7"
                          HEIGHT="90"
                          WIDTH="2006"
                          VPOS="1153"
                          HPOS="669"
                          CONTENT="in Ihrem ersten Angebot war je von einer derartigen Einschränkung"/>
               </TextLine>
               <TextLine ID="r1l8"
                         BASELINE="674,1323 773,1323 872,1322 971,1322 1070,1322 1169,1320 1268,1319 1367,1319 1466,1317 1565,1316 1664,1316 1763,1314 1862,1313 1961,1313 2060,1311 2159,1311 2258,1311 2357,1310 2456,1310 2555,1310 2654,1311"
                         HEIGHT="105"
                         WIDTH="2006"
                         VPOS="1252"
                         HPOS="660">
                  <String ID="string_r1l8"
                          HEIGHT="105"
                          WIDTH="2006"
                          VPOS="1252"
                          HPOS="660"
                          CONTENT="unserer Handlungsfreiheit die Rede. Falls Sie an dieser Bedingung"/>
               </TextLine>
               <TextLine ID="r1l9"
                         BASELINE="690,1424 784,1424 878,1424 972,1422 1066,1422 1160,1422 1254,1421 1348,1421 1442,1419 1536,1419 1630,1418 1724,1416 1818,1416 1912,1415 2006,1414 2100,1413 2194,1412 2288,1412 2382,1410 2476,1410 2570,1409"
                         HEIGHT="96"
                         WIDTH="1906"
                         VPOS="1345"
                         HPOS="677">
                  <String ID="string_r1l9"
                          HEIGHT="96"
                          WIDTH="1906"
                          VPOS="1345"
                          HPOS="677"
                          CONTENT="festhalten sollten, müssten wir die Angelegenheit dem Vorstand"/>
               </TextLine>
               <TextLine ID="r1l10"
                         BASELINE="687,1527 782,1526 877,1524 973,1524 1068,1523 1163,1521 1259,1521 1354,1520 1449,1520 1545,1520 1640,1518 1735,1518 1831,1517 1926,1517 2021,1515 2117,1515 2212,1514 2307,1512 2403,1511 2498,1509 2594,1506"
                         HEIGHT="124"
                         WIDTH="1934"
                         VPOS="1438"
                         HPOS="673">
                  <String ID="string_r1l10"
                          HEIGHT="124"
                          WIDTH="1934"
                          VPOS="1438"
                          HPOS="673"
                          CONTENT="erneut unterbreiten und eventuell das Datum der Generalversamm-"/>
               </TextLine>
               <TextLine ID="r1l11"
                         BASELINE="684,1628 781,1626 878,1625 976,1623 1073,1623 1171,1622 1268,1620 1366,1620 1463,1619 1561,1619 1658,1619 1755,1617 1853,1617 1950,1616 2048,1616 2145,1616 2243,1614 2340,1614 2438,1613 2535,1613 2633,1611"
                         HEIGHT="109"
                         WIDTH="1973"
                         VPOS="1529"
                         HPOS="672">
                  <String ID="string_r1l11"
                          HEIGHT="109"
                          WIDTH="1973"
                          VPOS="1529"
                          HPOS="672"
                          CONTENT="lung verschieben. Wir bitten Sie daher um sofortigen Bericht, ob"/>
               </TextLine>
               <TextLine ID="r1l12"
                         BASELINE="674,1728 727,1728 781,1728 834,1728 888,1728 941,1727 995,1727 1048,1727 1102,1725 1155,1725 1209,1724 1263,1724 1316,1722 1370,1722 1423,1721 1477,1721 1530,1721 1584,1719 1637,1719 1691,1719 1745,1719"
                         HEIGHT="141"
                         WIDTH="1098"
                         VPOS="1646"
                         HPOS="660">
                  <String ID="string_r1l12"
                          HEIGHT="141"
                          WIDTH="1098"
                          VPOS="1646"
                          HPOS="660"
                          CONTENT="Sie an dieser Bedingung festhalten."/>
               </TextLine>
               <TextLine ID="r1l13"
                         BASELINE="1569,1817 1594,1818 1620,1818 1646,1818 1671,1818 1697,1818 1723,1817 1748,1817 1774,1817 1800,1817 1826,1817 1851,1817 1877,1817 1903,1817 1928,1818 1954,1819 1980,1820 2006,1823"
                         HEIGHT="104"
                         WIDTH="462"
                         VPOS="1744"
                         HPOS="1556">
                  <String ID="string_r1l13"
                          HEIGHT="104"
                          WIDTH="462"
                          VPOS="1744"
                          HPOS="1556"
                          CONTENT="In Hochachtung"/>
               </TextLine>
               <TextLine ID="r1l14"
                         BASELINE="1292,1923 1349,1923 1407,1922 1465,1921 1523,1920 1581,1919 1639,1918 1697,1917 1755,1916 1813,1916 1871,1914 1928,1914 1986,1913 2044,1913 2102,1913 2160,1913 2218,1913 2276,1913 2334,1913 2392,1913 2450,1914"
                         HEIGHT="148"
                         WIDTH="1184"
                         VPOS="1836"
                         HPOS="1279">
                  <String ID="string_r1l14"
                          HEIGHT="148"
                          WIDTH="1184"
                          VPOS="1836"
                          HPOS="1279"
                          CONTENT="BASLER EERSORENSCHIFFARRTSGESELLSCHAFT"/>
               </TextLine>
            </TextBlock>
         </PrintSpace>
      </Page>
   </Layout>
</alto>
