2921 3609
373 757 126 102 R/M

2073 286 341 115 Abschrift.

687 473 1292 112 Basler Rheinschiffahrt-Aktiengesellschaft

1495 693 754 123 Basel, den 3. Mai 1928.

1017 960 631 79 Herrn W. Stauffacher,

1011 996 1489 87 Präsident des Vereins für die Schiffahrt auf dem

1017 1081 304 86 Oberrhein,

2038 1147 395 135 Basel.

1011 1364 1526 89 In No.4 der Rheinquellen ist ein Artikel über die

699 1452 1841 125 Aenderungen in der Personenschiffahrt Basel-Rheinfelden, der

708 1574 1815 93 vollkommen den Tatsachen entgegengesetzt ist. Da Ihr Verein

704 1673 1928 101 für die Förderung der Schiffahrt, ganz gleichgültig von welcher

702 1774 1842 81 Gesellschaft diese betrieben wird, besteht, ersuchen wir Sie

701 1883 1793 100 um gefl. Bericht, ob Sie tereit sind, in Ihrer Zeitschrift

709 1971 1947 140 eine Berichtigung der dort vollständig falsch dargestellten Tat-

702 2079 1953 121 sachen zu bringen. Wir würden nur einige Punkte, die falsch dar-

716 2182 1893 121 gestellt sind, richtigstellen und verlangen, dass Jean Richard

695 2282 1945 78 Frey seine unwahren Angaben zurücknimmt, bedauert und sie rich-

1298 2360 75 61 an

701 2388 1926 107 tigstellt. Wir nehmen, dass Sie von der Verfassung dieses wahr-

710 2501 1372 104 heitswidrigen Artikels keine Kenntnis hatten.

1764 2587 351 75 Hochachtend

1858 2652 197 55 BASLER

1327 2685 1054 124 RHEINSCHIFFAHRT-AKTIENGESELLSCHAFT

1946 2795 449 91 sig. Groschupf

1403 2801 382 105 sig. Ritter

2505 295 67 105 2

2542 320 174 139 32
