2921 3609
2074 304 335 97 Abschrift.

1703 457 407 89 5. Mai 1928.

966 649 1117 104 An die Basler Rheinschiffahrts-A.G.,

1958 801 405 117 BASEL.

970 986 1706 131 Herr Direktor W. Stauffacher, Präsident unseres Vereins.

648 1121 2088 95 übermittelt mir als Schriftleiter der Zeitschrift „Die Rheinquellen"

656 1224 1998 116 Ihr an ihn gerichtetes Schreiben vom 3.d.M. zur Kenntnisnahme und

658 1318 369 113 Erledigung.

956 1443 1730 65 Sie beschweren sich darin über einen in No. 4 erschiene-

660 1529 2072 90 nen Artikel "Aenderungen in der Personenschiffahrt Basel-Rheinfelden

659 1625 1493 97 und behaupten, er entspreche nicht den Tatsachen.

970 1741 1518 117 Gemäss den bei der Fachpresse herrschenden Usancen

649 1833 1853 93 sind wir ohne weiteres bereit, Ihre Berichtigung aufzunehmen,

654 1949 1861 95 wenn sich herausstellt, dass sie berechtigt ist. Wir ersuchen

645 2019 1882 150 Sie, uns Ihre Berichtigung zustellen zu wollen, damit wir die

648 2161 2047 69 Angelegenheit prüfen können. Erst nach vorgenommener Prüfung werden

648 2228 1818 142 wir in der Lage sein, zu entscheiden, ob die unterzeichnete

649 2343 1764 90 Schriftleitung alsdann "richtigstellen und bedauern wird".

1697 2439 387 113 Hochachtend
