2921 3607
1962 280 453 114 ABSCHRIFT

1629 460 770 133 Basel, den 15. Mai 1928.

1153 773 1331 95 Basler Rheinschiffahrt -Aktiengesellschaft

2068 864 317 91 Basel

1327 1062 1225 120 Nach mehrwöchiger Abwesenheit nach Basel

758 1175 1539 95 heimgekehrt, finde ich Ihren Brief vom 3. ds. vor.

1316 1280 1177 80 Der von Ihnen erwähnte, von Herrn Jean

786 1334 1676 137 Richard Frey verfasste Artikel, von dem ich erst heute

774 1443 1726 107 Kenntnis erhalten habe, ist ohne mein Wissen geschrieben

781 1553 1801 114 worden, und ich lehne daher jegliche direkte oder indirekte

775 1680 1823 91 Verantwortung für dessen Inhalt ab. Wenn Sie sich wegen des

779 1770 1696 101 Inhalts des Artikels beschweren wollen, müssen Sie sich

786 1870 1096 99 also direkt an den Verfasser wenden.

1324 1965 1172 126 Ich habe weder Zeit noch Veranlassung,

791 2086 1737 87 auf Ihre ungerechtfertigten und beleidigenden Bemerkungen

788 2186 1741 90 näher einzugehen, und erkläre ein für alle Mal, dass all-

786 2291 1828 104 fällige weitere persönliche Anrempelungen von mir nicht mehr

778 2377 614 86 beantwortet werden.

1736 2470 475 99 In Hochachtung

2484 299 136 136 36
