1983 2948
432 388 1376 100 weil ich, wie ich Ihnen schon mündlich ausge-

421 493 1334 103 führt habe, auf die Bezishungen unserer Ge-

421 605 1394 97 sellschaft zu der Basler Rheinschiffahrt A.-G.

420 668 1400 114 lieber nicht mehr zurückkommen möchte, sonder

417 787 1326 115 glaube, dass durch den Verkauf des Schiffes

443 888 1354 92 Kheinfelden" und unserer Landungsstege diese

408 982 1361 125 Beziehungen nunmehr zu einem endgiltigen Ab-

416 1084 1297 117 schluss gelangt sind, der uns erlaubt, das

409 1190 1356 107 Vergangene zu vergessen. Ich beschränke mich

405 1286 1420 111 daher darauf, zu widerholen, dass der Vorstand

399 1397 1417 101 unserer Gesellschaft im Jahre 1926 bereit gewe

408 1502 1390 101 wäre, zu einer Verständigung in Bezug auf die

393 1590 1325 124 Fahrpreise und den Fahrplan Hand zu bieten.

394 1685 1378 129 dass aber eine Einigung wegen der starken Ab-

397 1794 1390 113 weichung der beiderseitigen Standpunkte nicht

385 1894 1334 106 hat erzielt werden können. Sodann bestätige

388 1998 1367 105 ich Ihnen, dass ich mit Herrn Frey ausser in

387 2095 1411 117 den Vorstandssitzungen und der Generalversamm-

387 2186 1317 119 lung unserer Gesellschaft nicht zusammenge-

385 2289 1236 104 kommon bin und dass ich daher Herrn Frey

366 2400 1265 116 nie eine unrichtige Auskunft über unsere
