2920 3610
231 297 637 145 Dr. RUD. SPEICH

1546 328 884 125 Basel, den 26.Mai 1928.SP/EP

501 382 188 77 BASEL

1542 419 330 64 Schützenmattstrasse 75

608 689 655 120 Herrn Dr.Max Vischer

703 790 526 102 St. Albangraben 8

1537 779 211 115 BASEL.

606 944 922 115 Sehr geehrter Herr Dr. Vischer,

1527 1049 1048 88 Ich bekenne mich zum Empfang Ihrer

623 1161 1906 87 geehrten Zuschrift vom 24.ds., mit der Sie mich auf den mir sehr

622 1254 1904 89 unerwünschten Briefwechsel zwischen Ihnen und der Basler Rhein-

613 1346 1980 126 schiffahrt A.G. aufmerksam machen und Ihre mündlichen Erklärungen

618 1445 1894 95 wiederholen, wonach Sie dem in den "Rheinquellen" erschienenen

608 1541 1555 101 Artikel des Herrn J.R.Frey vollständig fern stehen.

915 1656 1708 102 Der von mir und von den übrigen Herren der Basler Rhein-

620 1751 1879 88 schiffahrt A.G. beanstandete Artikel enthielt verschiedene An-

620 1848 1944 89 gaben, die nur der Leitung der Personenschiffahrtsgenossenschaft

620 1955 2005 86 bekannt sein können. Aus diesem Grunde hat sich bei uns die Ueber-

613 2053 1897 110 zeugung aufgedrängt, dass die Leitung der Personenschiffahrts-

613 2150 1970 82 genossenschaft dem Redakteur der "Rheinquellen" das Material für

612 2254 1489 110 den bekannten Artikel zur Verfügung gestellt hat.

911 2340 1588 107 Mit grosser Befriedigung entnehme ich aus Ihren Mit-

613 2471 1947 112 teilungen, dass dies nicht der Fall war, sondern Herr Frey seine

615 2563 2039 70 Angaben auf persönliche und direkte Beobachtungen und Wahrnehmungen

615 2663 2039 74 stützen musste. In diesem Falle haben wir selbstverständlich keinen

617 2766 1889 75 Grund, Ihnen oder einem andern Herrn der Leitung der Personen-

611 2859 2063 89 schiffahrtsgenossenschaft diesbezüglich etwas nachzutragen, sondern

613 2966 1930 112 betrachten als einzigen verantwortlichen Redaktoren Herrn Frey.

2477 201 77 113 3
