2921 3609
1469 311 107 102 2 -

919 471 1573 80 Nach Fühlungnahme mit der Leitung der Basler Rhein-

619 571 1810 76 schiffahrt A.G. kann ich Ihnen sagen, dass es auch uns sehr

621 665 1930 99 willkommen sein kann, wenn die unliebsamen Auseinandersetzungen

626 764 1885 95 zwischen den beiden Gesellschaften, bezw. deren Leitungen end-

626 868 1898 94 gültig aufhören. Die Basler Rheinschiffahrt A.G. hat keinerlei

631 966 1767 68 Absicht oder Interesse, in irgend einer Form die Personen-

634 1079 1878 76 schiffahrtsgenossenschaft oder deren Leitung anzugreifen, denn

627 1169 1983 96 sie zieht es vor, ihre Arbeit auf die Erfüllung der von ihr über-

620 1252 1988 116 nommenen Verpflichtungen zu beschränken. Gleichzeitig sollte sich

630 1376 1890 73 aber auch die Personenschiffahrtsgenossenschaft aller Angriffe

625 1480 1893 77 gegenüber der Basler Rheinschiffahrt A.G. in direkter oder in-

621 1577 1927 93 direkter Weise enthalten. Dazu gehört auch, dass sich Herr Frey

633 1670 1895 90 darüber Rechenschaft gibt, dass er nicht nur als einseitig ein-

629 1776 1797 100 gestellter Redaktor polemisieren darf, sondern auch gewisse

614 1879 1900 90 Pflichten als Mitglied des Vorstandes der Personenschiffahrts-

617 1974 1888 103 genossenschaft zu befolgen hat. Wenn diese Voraussetzungen er-

616 2076 1935 97 füllt werden, so betrachtet die Basler Rheinschiffahrt A.G. die

622 2176 1706 75 ganze Angelegenheit als endgültig erledigt und begraben.

911 2265 1014 96 Ich verbleibe mit besten Grüssen

1637 2309 694 185 Ihr  d. Seled
