2649 3244
626 425 1809 83 gen, wenn der Artikel von Herrn Frey nicht erschienen wäre,

628 535 1754 93 nicht etwa deshalb, weil er nicht stimmt - meiner Ansicht

625 626 1650 81 nach sind seine Angaben vollständig richtig -, sondern

622 734 1707 92 weil die Sache durch den Verkauf nun einmal erledigt ist

615 818 1687 86 und durch eine nachträgliche Erörterung nichts gewonnen

1071 894 72 57 1

629 927 1682 104 wird. Zwecklose Debatten dieser Art haben deshalb meine

621 1001 1685 132 Sympathie nicht. Nachdem aber Herr Frey, den wir ja als

613 1133 1731 87 Redaktor der Rheinquellen vollständig selbständig lassen,

625 1228 1707 96 die Cempagne eröffnet hat, sehe ich nicht ein, warum die

1155 1300 122 62 1110

1479 1302 53 62 29

621 1325 1829 87 Diskussion nicht weitergehen soll. Ebenfalls habe ich keinen

1780 1396 196 64 vo1n0

711 1405 524 59 sansiltnoanlodä

615 1431 1807 88 Grund, jetzt irgendwie einzuschreiten oder dem Vorständ des

1535 1502 205 55 asbrey

1730 1504 82 61 ne

617 1545 1800 74 Vereins für die Schiffahrt auf dem Oberrhein eine Interven-

756 1605 293 75 oh Jedosa

629 1667 584 97 tion enzuempfehlen.

1253 1669 106 107 13

920 1758 1429 107 Wieso Herr Dr. Speich im Namen des Bankvereins

1518 1806 344 63 nov 310Jn

691 1780 207 93 15 194

618 1837 1791 85 eingreift, ist mir nicht erfindlich. Selbstverständlich bin

1253 1912 378 62 olte adoln

636 1921 53 51 se

615 1943 1814 127 ich sehr gerne zu einer Aussprache mit ihm bereit, wenn sie

611 2045 1791 110 eine solche in die Wege leiten wollen. Es ist ja ganz klar,

614 2141 1865 132 dass sein Entschluss nur auf einseitiger Orientierung beruhen

1381 2218 100 61 nes

804 2223 39 51 10

657 2221 39 60 in

620 2249 1846 122 kann. Ich möchte allerdings dazu bemerken, dass ich mich auf

1037 2320 115 68 soe

1169 2319 86 55 141

620 2360 1835 117 eine Unterredung in Gegenwart von Herrn Groschupf nicht ein-

1510 2414 512 108 bna LM.et nov

626 2476 188 109 lasse.

1099 2513 157 82 10d.

970 2511 88 75 11

928 2516 1313 119 Falls Sie die Angelegenheit in diesem Sinne

1834 2622 90 64 103

679 2598 445 93 le eselb luse

630 2622 1809 117 weiter verfolgen wollen, so bin ich Ihnen sehr verpflichtet

649 2725 392 71 n dolnbe

630 2721 1840 126 und sehe eventuell Ihren weiteren Nachrichten gerne entgegen.

1433 2851 893 113 Mit vorzüglicher Hochachtung

611 2905 336 92 Beilagen.

1783 2917 134 70 „Ihr

1615 2950 615 132 ARasfard
