1967 2882
1154 312 570 99 den 30. Mai 8.

856 473 184 92 Herrn

984 563 690 94 Direktor W. Stauffacher

831 671 894 73 Präsident des Vereins für die

739 737 863 85 Schiffahrt auf dem Oberrhein

1284 821 293 78 Basel

1229 930 517 85 Kluserstrasse 25

257 1018 601 117 Sehr geehrter Herr,

891 1103 844 99 Besten Dank für Ihr Schrei-

257 1220 928 95 ben vom 29.ds. nebst Beilagen.

622 1334 1032 105 Von Ihren Mitteilungen betreffend

266 1419 1508 92 den Artikel des Herrn Frey habe ich mit Interesse

262 1526 1418 102 Kenntnis genommen. Ich stelle mit Befriedigung

264 1614 1384 89 fest, dass wir in Bezug auf die Stellungnahme

262 1725 1405 87 gegenüber der Basler Rheinschiffahrt-Aktienge-

272 1828 1016 89 sellschaft gleicher Meinung sind.

622 1927 1029 77 Ich gestatte mir Ihnen mitfolgend

264 2032 1392 83 die mir gestern zugegangene Antwort des Herrn

268 2115 1517 104 Dr. Speich in Abschrift zu übermitteln. Ich glaube,

263 2235 1297 84 dass ich, was mich anbetrifft, durch dieses

266 2330 1502 100 Schreiben die Angelegenheit als erledigt betrach-

268 2427 1486 105 ten kann, wenn ich auch m.E. berechtigt war, von
