2676 3614
989 253 625 56 DIE RHEINQUELLEN

2261 254 75 62 141

272 300 57 49 3

266 381 1010 43 eine Teil der Betriebskommission sozusagen ausgeschaltet

1340 385 1000 51 vorzugung, welche in ihrer Endwirkung nichts anderes ge

266 422 1010 45 worden wäre. Bei den späteren Verhandlungen aber hat die

1336 428 1013 35 wesen wäre als eine direkte Schädigung der «Personenschiff¬

257 460 1010 41 «Basler Rheinschiffahrts-A.-G.» ihre Zustimmung zur Be¬

1332 462 1017 36 fahrtsgesellschaft», konnte glücklicherweise vereitelt werden.

256 493 1016 41 triebsgemeinschaft von der Voraussetzung abhängig gemacht,

1342 500 1001 43 in einem eigentümlichen Lichte erschien aber die Bereit¬

256 531 1016 37 dass sie den Betrieb leiten würde, und jeden Vorschlag auf

1335 535 1008 44 schaft der «Basler Rheinschiffahrts-A.-G.», als diese bei Auf¬

270 565 989 42 Jebernahme des Betriebes durch die «Personenschiffahrts

1340 567 1017 40 nahme der Verhandlungen über eine Betriebsgemeinschaft

263 602 1006 40 gesellschaft» mit Entrüstung abgelehnt. Damit hat sie sich

1338 606 1015 39 sich daran machte, der «Personenschiffahrtsgesellschaft» das

257 637 1019 40 von Anfang an auf einen Boden gestellt, auf dem Gleichheit

1337 639 1001 41 eingeschulte Personal wegzuengagieren, was letztere aller

257 670 1012 50 und gerechtes Abwägen ausgeschlossen war. Trotzdem war

1341 673 1014 39 lings verhindern konnte, aber nur mit einem erheblichen

252 703 1025 42 die «Personenschiffahrtsgesellschaft» auch weiterhin zu einer

1337 711 1012 47 Opfer. All diese Dinge, die äusserst langwierige Gestaltung

265 742 1004 43 Verständigung bereit, aber sie wollte sich dabei den Betrieb

1335 746 1008 43 der Verhandlungen, das Hineintragen immer neuer Momente

257 776 1018 38 ihres eigenen Bootes «Rheinfelden» reservieren, nicht aus per¬

1337 784 1006 41 in die schwebenden Verhandlungen von seiten der «Basler

258 813 1014 41 sönlichen Gründen, wie es in der Einsendung heisst, sondern

1333 818 1014 41 Rheinschiffahrts-A.-G.», die von ihr in oft schroffem Tone

254 847 396 50 aus Erfahrungsgründen.

1339 851 999 45 geführte Korrespondenz, die immer wieder erhobenen Droh

326 879 946 43 Es hat die Verständigungsverhandlungen keineswegs ge¬

1334 892 1015 41 ungen mit Preisunterbietungen, u. a. m. haben ohne weiteres

259 916 1010 45 fördert, als die «Basler Rheinschiffahrts-A.-G.», während

1339 927 1010 32 lurchblicken lassen, dass die in der Einsendung so viel ge¬

258 957 1001 41 beide Gesellschaften zusammen mit der Leitung der «Inter

1338 958 1011 51 rühmte Bereitwilligkeit zu einer Betriebsgemeinschaft im

255 996 1011 42 nationalen Ausstellung für Wasserkraftnutzung und Binnen¬

1343 998 996 37 irunde genommen nichts anderes war als der Wunsch, die

260 1031 1006 46 schiffahrt» im Jahre 1926 behufs Schaffung eines gemein¬

1333 1036 1013 44 Konkurrenz zu beseitigen. Die bei den Verhandlungen ge¬

263 1065 1009 41 samen Schiffahrtsbetriebes verhandelten, hinter dem Rücken

1338 1072 1000 38 nachten Erfahrungen haben dann in der Folge die «Perso¬

254 1101 1021 37 der «Personenschiffahrtsgesellschaft» ein Uebereinkommen ab¬

1331 1104 1006 40 nenschiffahrtsgesellschaft» bewogen, den Verkauf ihres Boo

257 1134 1018 41 schloss, wonach die Ausstellung die Garantie für das Defizit

1338 1144 1011 47 es «Rheinfelden» an die «Basler Rheinschiffahrts-A.-G.» einem

254 1172 1006 38 bis zu einem Betrage von Fr. 20,000.— übernahm, aber son

1338 1174 925 48 Vertragsverhältnis mit dieser Gesellschaft vorzuziehen

260 1207 1010 42 derbarerweise nur zugunsten der «Basler Rheinschiffahrts¬

1373 1211 970 40 Wir hielten es für notwendig, mit diesen wenigen Bemer¬

251 1244 1012 42 A.-G.», während die «Personenschiffahrtsgesellschaft» ihr De¬

1331 1245 1005 46 kungen die Einsendung der «Basler Rheinschiffahrts-A.-G-» zu

253 1279 1017 52 fizit selbst hätte tragen müssen. Diese höchst eigenartige Be¬

1341 1284 1005 39 ergänzen und betrachten damit diese Aussprache als erledigt.

270 1387 837 73 Verschiedene

1123 1393 49 83 2

1253 1419 44 47 e

1322 1418 168 57 1ne

1184 1386 57 85 1

1562 1397 785 85 Mitteilungen

1335 1519 1003 60 gestellt waren, während in der heutigen revidierten Statistik

371 1536 769 64 Auf den Binnenwasserstrassen

1326 1574 1020 45 aus der früheren einzelnen Rubrik, nunmehr zwei Rubriken

1332 1608 1001 39 geführt werden, nämlich No. 87a Petrol und No. 87b Mineral

320 1606 949 49 Strassburgs Hafenverkehr im Juli 1928. Der eigentliche

1328 1644 1018 45 ölderivative. Selbstverständlich sei die zweite Rubrik, die

257 1638 1013 55 Güterverkehr in den Hafenanlagen betrug im Juli 114,417

1329 1675 1007 52 alle raffinierten Erzeugnisse und namentlich auch Benzir

257 1677 1013 38 Tonnen; wenn man Kohlen-, Kali- und Eisenerzverkehr hin¬

1322 1714 1028 45 enthalte, wichtiger als die erste. Wenn also gesagt werde,

260 1719 1006 38 zurechnet, ergibt es einen Totalverkehr von 588,791 Tonnen.

1332 1750 1008 46 dass 1927 nur 1061 Tonnen Petrol eingeführt worden seien.

254 1750 1012 46 Es kamen an per Rhein 264,425 Tonnen Kohlen, 40,316

1331 1787 802 41 so handle es sich dabei nur um Rohmaterialien.

260 1784 1003 39 l’onnen Getreide und 5,000 Tonnen Petroleum plus diverse

251 1820 1019 46 Güter. Talwärts versandt wurden 70,624 Tonnen Kali, 10,449

1407 1822 940 50 Die Mannheimer Häfen im Juli (Korr.) Der Verkehr in

264 1854 1006 41 l’onnen Soda, 139,325 Tonnen Eisenerz und 3,814 Tonnen

1326 1869 1022 50 den Häfen zu Mannheim war im Monat Juli etwas stärker

251 1893 1013 41 Eisenprodukte plus diverse Güter. Der Kanalverkehr war

1322 1908 1024 34 als im gleichen Monat des Vorjahres. Es kamen an im gan¬

251 1926 1011 46 normal; allein für den Rhein—Rhone-Kanal herrscht Kanal¬

1340 1941 1000 47 en 136 Boote mit eigener Triebkraft, davon 14 leer, und

252 1965 1008 40 sperre. Da man die betreffenden Angaben erst jetzt erhält

1321 1978 1028 37 900 Schleppkähne, davon 72 leer. Es gingen ab im ganzen

252 2002 1011 40 so sei noch mitgeteilt, dass im Juni 161 beladene Kanal¬

1325 2014 1006 38 134 Boote mit eigener Triebkraft, davon acht leer, und 90.

247 2041 1028 37 schiffe die Hüninger Schleuse passierten, um nach Basel zu

1331 2047 1013 50 Schleppkähne, davon 603 leer. Die Güterbewegung betrug

261 2071 1009 50 fahren, und von dort kamen 87 leere Kanalschiffe und acht

1336 2091 542 41 m ganzen 669,447 Tonnen (im

1892 2082 453 55 Vorjahr 579,778 Tonnen).

248 2108 1011 44 beladene. — In unserem Juniberichte haben wir auf die

1329 2113 343 61 Davon entfallen auf

257 2142 999 42 grosse Verkehrsabnahme im Güterverkehr hingewiesen we

1490 2156 177 55 die Anfuhr

1925 2141 260 68 582,471 Tonnen,

254 2181 1015 40 gen Bestehen der Surtaxe d’Entrepôt, wir wollen aber noch

1490 2197 122 56 hiervon

1628 2173 241 73 Rhein zu Berg

1931 2199 253 45 54,523 Tonnen,

249 2218 1020 38 sagen, dass die grosse Unerfahrenheit, welche seit dem

1627 2236 226 44 Rhein zu Tal

1939 2237 235 41 27,636 Tonnen

258 2251 1008 48 Kriege in gewissen Kreisen besteht im direkten Ankauf und

1634 2271 241 56 Veckar zu Ta

1979 2272 207 44 312 Tonnen,

251 2285 962 53 Transport überseeischer Produkte, auch Schuld daran ist,

1484 2304 175 48 die Abfuh

1941 2299 229 56 66,624 Tonnen

320 2322 937 49 Es erhellt aus einer Enquête, die wir gemacht haben

1482 2342 130 48 hiervon

1622 2332 251 57 Rhein zu Berg

1963 2341 215 46 5,112 Tonnen

247 2361 1019 37 dass die, welche zum Beispiel Kaffee direkt von den Pro¬

1988 2379 198 44 196 Tonnen,

1638 2377 264 48 Veckar zu Berg

249 2398 1014 43 duktionsländern importieren, leicht gegen die konkurrieren

1628 2412 238 53 Rhein zu Tal

1945 2413 243 45 31,315 Tonnen.

248 2435 898 36 können, die von Havre und Marseille versenden.

1173 2435 95 45 — Es

1393 2449 495 61 Der Umschlag von Schiff zu

1889 2449 237 57 Schiff betrug

248 2468 1009 41 kostet heute per Bahn von Havre nach Strassburg per

1475 2492 262 50 auf dem Rhein

1945 2496 231 47 7,360 Tonnen

250 2506 1020 44 Tonne Fr. 219.— und von Amsterdam per Eilgüterboote

1480 2528 278 50 auf dem Neckar

1954 2530 227 48 2,992 Tonnen.

248 2537 1012 47 Schilling 14.— per Tonne, also Fr. 86.—, schon bei Quantums

245 2577 1017 44 von fünf Sack. Zinsverlust entsteht keiner, denn die Ware

1397 2566 522 49 Der Wasserstand des Rheines

1927 2582 416 42 zeigt im ganzen Monat

248 2619 1024 34 wird erst sechs Wochen nach Versand bezahlt, wie wir von

1334 2614 580 42 nfolge der trockenen Witterung

1937 2614 406 46 fallende Tendenz. Der

245 2650 1018 39 äusserst zuverlässiger Quelle erfahren. Für Reis kostet es

1332 2651 1008 35 nöchste Wasserstand betrug laut Mannheimer Pegel am

253 2688 1016 45 nur Schilling 9.50. — Die Surtaxe d’Entrepôt muss total

1318 2677 1019 46 1. Juli 1928 397 cm. der niedrigste am 31. Juli 1928 277 cm.

252 2721 1017 42 verschwinden, weil der Hafen von Antwerpen grosse Nach¬

1322 2721 1024 41 Die Neckarschiffahrt ist infolge Niederwassers seit 17. Juli

251 2755 1008 40 teile hat, und seine Transportdienste, nach dem Innern, zu

1337 2754 1004 50 jänzlich stillgelegt. In Mannheim wurde die Verladung über

246 2792 1007 41 irregulär sind. Die Umladespesen vom Seedampfer auf Rhein

1325 2795 821 35 Heidelberg hinaus bereits am 10. Juli eingestellt.

244 2830 1012 37 schiff sind sehr hohe und oft noch gepfeffert durch sehr

1397 2834 941 45 Mitteilungen für die Rheinschiffahrt. Der Abbruch der

245 2862 935 50 hohe Rollgeld-Spesen, was in den holländischen Häfen

1181 2870 90 42 ganz

1319 2873 1015 43 Hochfelder Brücke ist in Angriff genommen worden und die

244 2898 242 48 unbekannt ist.

1196 2911 28 29 15

1322 2912 1017 48 Sprengarbeiten am rechten Strompfeiler haben begonnen.

320 2936 931 51 Zum letzten Bericht über den Juni-Verkehr im Strass

1319 2948 1009 49 Die Arbeiten dauern mehrere Monate. Für die Ausübung der

244 2975 1010 49 burger Hafen schreibt uns die Hafendirektion von Strass

1331 2984 1012 42 Rheinschiffahrt, die möglichst wenig beeinträchtigt werden

248 3015 1005 41 burg: -Ihr Mitarbeiter stellt Vergleiche an zwischen den Ver

1325 3021 1009 39 soll, sind von der Rheinstrombauverwaltung besondere Vor¬

248 3053 1017 38 kehren verschiedener Güterarten in den Jahren 1913 und 1927

1330 3061 996 38 schriften erlassen worden. Ebenso sind besondere Vorschrif

254 3084 999 44 und behauptet, es seien 1913 im ganzen 24,225 Tonnen Petro

1327 3096 1016 48 ten bekannt gemacht worden für die Durchfahrt durch das

245 3124 1009 38 importiert und 1927 nur noch 1761 Tonnen. Tatsächlich be¬

1330 3131 1014 42 Montagegerüst der neuen Köln-Mülheimer Hängebrücke bei

252 3161 1011 43 trug die Einfuhr 1927 aber 40,939 Tonnen. Der Irrtum er¬

1318 3166 1011 38 km 190,00. An beiden Orten wird die Schiffahrt durch War¬

248 3195 1017 42 klärt sich durch die Tatsache, dass 1913 in der Statistik der

1319 3201 1025 41 schauen geregelt und es sind Schleppboote bereitgestellt, die

242 3234 1014 41 Zentralkommission für die Rheinschiffahrt Petrol und alle

1320 3241 1006 39 unentgeltlich Hilfsdienste leisten. Die Schleuse 1 des Rhein¬

254 3268 1011 41 Mineralölderivative unter einer Rubrik No. 46 zusammen¬

1317 3271 1022 52 Herne-Kanals wird wegen grösserer Ueberholungsarbeiten
