2921 3607
568 708 98 128 0/6

1650 579 780 125 Basel, den 27. Mai 1929.

1088 879 1059 136 Herrn F. Lützelschwab,

1553 975 321 119 z. Adler.

1570 1074 710 100 Kaiseraugst.

1694 1163 109 82 sra¬

1930 1157 369 80 szzsssssszz.

766 1325 638 115 Sehr geehrter Herr !

1385 1471 995 122 Wegen Abwesenheit komme ich erst

747 1583 1656 116 heute zur Beantwortung Ihres Briefes vom 22. Mai 1929.

1389 1700 975 75 Im Protokoll des Vorstandes vom

751 1806 1364 89 24. März 1928 findet sich folgender Passus :

940 1889 1369 112 Kaufofferte der Basler Rheinschiffahrt A.-G.-

765 2000 730 81 Der Präsident :........

801 2049 1677 89 Diese Offerte ist auf unsern Wunsch sofort schriftlich

771 2114 1726 78 bestätigt worden, ausserdem enthält sie die Verpflichtung

763 2177 1751 70 zur Aufrechterhaltung der Schiffahrt im Jahre 1927.

1395 2223 1063 51 Auf Wunsch des Herrn Rupprecht wird

772 2263 1720 77 als diesseitiger Kontrahent für die Aufrechterhaltung des

765 2314 1790 82 Betriebes Basel-Rheinfelden der Kur-àp; Verkehrsverein Rhein-

759 2375 553 70 felden bezeichnet.

1398 2436 1101 94 Der Brief der Basler Rheinschiffahrt

756 2545 1769 110 an den Kur- & Verkehrsverein Rheinfelden vom 2. April 1928

769 2643 1547 98 spricht sich auf Seite 2, 2. Absatz wie folgt aus:

762 2755 1733 76 " Wir erklären uns hiermit bereit, mit dem uns zur Verfü-

770 2814 1724 67 gung stehenden Schiffskurs zwischen Basel und Rheinfelden

761 2863 1764 80 mindestens in dem bisherigen von der Basler Personenschiff

768 2924 1751 67 fahrtsgesellschaft durchgeführten Masse aufrecht zu erhal-

771 2972 516 83 ten.- ...........

2395 214 169 121 16
