2963 4472
457 314 574 151 DE MAX VISCHER

476 444 555 76 DEP.C. VON PLANTA

464 497 572 113 ADVOKATEN à NOTARE

645 544 219 61 BASEL

554 580 398 117 ST. ALBANGRABEN 8

1377 656 278 110 Vertrag.

955 789 408 152 Zwischen der

763 987 1014 126 Basler Rheinschiffahrt-Aktiengese

1896 991 417 112 haft in Basel

2004 1179 359 118 einerseits

1497 1266 266 121 und der

770 1438 1471 135 Basler Personenschiffahrtsgesellschaft in Basel

2033 1625 418 128 andererseits

957 1770 1522 116 ist heute folgende Vereinbarung getroffen worden:

1488 1966 81 125 1.

942 2133 1689 94 Die Basler Personenschiffahrtsgesellschaft gewährt der

780 2235 1964 101 Basler Rheinschiffahrt-Aktiengesellschaft auf den 1. Februar 1933

774 2324 1987 105 (ersten Februar neunzehnhundertdreiunddreissig) ein Darlohen von

796 2430 1945 118 Fr. 251000.- (fünfundzwanzigtausend Franken) zu folgenden Bedin-

776 2536 243 109 gungen:

954 2596 1852 150 Das Darlohen ist vom 1. Februar 1933 an halbjährlich jeweilen

777 2732 1866 91 per 1.Februar (ersten Februar) und 1. August (ersten August),

771 2834 1925 88 erstmals am 1.August 1933 mit 5% (fünfProzent) per Jahr zu ver-

778 2940 1940 90 zinsen. Das Darlehenskapital ist beiderseits während fünf Jah-

776 3034 1982 94 ren, d.h. bis zum 1. Februar 1938 (ersten Februar neunzehnhundert-

776 3122 1989 98 achtunddreissig) fest und unkündbar; nach Ablauf der Festigkeits-

781 3212 1881 112 dauer, also am 1. Februar 1938 wird das Kapital ohne vorherige

782 3300 1942 111 Kündigung zur Rückzahlung fällig, sofern nicht vorher unter den

782 3419 1610 111 Parteien eine besondere Vereinbarung getroffen wird.

949 3526 1731 81 Das Darlehen dient zur Finanzierung eines von der Basler

782 3615 1807 111 Rheinschiffahrt-Aktiengesellschaft in Bau gegebenen Diesel-

760 3731 1937 89 Motorschiffes "Rhyblitz", das für die Persononschiffahrt Basel-
