2952 4472
675 590 1580 104 Rheinfelden und Basel-Kembs Verwendung finden soll.

1107 695 1562 106 Die Basler Rheinschiffahrt-Aktiengesellschaft wird

692 789 1987 101 der Basler Personenschiffahrtsgesellschaft zur Sicherheit für das

691 910 1993 89 Darlehenskapital nebst Zinsen eine Schiffshypothek zweiten Ranges

690 995 2000 99 auf diesem Schiff einräumen, hinter der in dem für erste Hypothe-

688 1098 1592 85 kon üblichen Umfange aufzunehmenden ersten Hypothek.

1467 1244 115 99 II.

1107 1362 1521 119 Die Basler Rheinschiffahrt-Aktiengesellschaft be-

693 1474 1927 101 stätigt ihre früher gegenüber der Basler Personenschiffahrtsge-

691 1581 1963 81 sellschaft und dem Kur- und Verkehrsverein Rheinfelden eingegan-

694 1654 2018 109 genen Verpflichtungen. Insbesondere leistet sie Gewähr dafür, dass

681 1758 1940 104 sie während der Zeit des Darlehens, die Kursfahrten nach Rhein-

690 1862 1902 99 felden in dem früher von der Basler Personenschiffahrtsgesell-

696 1977 1912 99 schaft betriebenem Umfange weiterführen wird; über die Einzel-

694 2060 1912 105 heiten werden sich die Parteien auf dem Korrespondenzwege ver-

689 2163 1967 99 ständigen. Ferner verpflichtet sie sich, anlässlich der General-

695 2254 1957 104 versammlungen der Basler Personenschiffahrtsgesellschaft den Ge-

683 2362 2053 95 nossenschaftern freie Fahrt mit einem Kursschiff sei es nach Rhein-

683 2462 1293 129 felden oder nach Kembs/Istein zu gewähren.

1511 2582 152 106 III.

1109 2693 1567 96 Die Basler Personenschiffahrtsgesellschaft erklärt,

681 2797 1985 99 dass sie während der Dauer des Darlehens weder direktnoch indi-

698 2902 1975 88 rekt, das heisst weder durch eigenen Betrieb noch in Form von Be-

687 2987 1965 92 teiligung an andern Unternehmungen Personenschiffahrten auf dem

689 3093 740 91 Rhein durchführen wird.

1551 3171 102 112 IV.

1112 3295 1519 102 Im Falle von Streitigkeiten über den vorliegenden

696 3379 2036 107 Vertrag unterwerfen sich die Parteien dem endgiltigen Urteil eines

684 3504 1930 75 Schiedsgerichts, das wie folgt zusammengesetzt sein soll: Jede

681 3600 1939 104 Partei ernennt einen Schiedsrichter, und diese beiden Schieds -
