2918 3610
563 765 63 82 ER

2469 205 158 127 5

1521 570 920 155 Basel, den 23.September 1932.

1156 845 1292 118 Basler RheinschiffahrtS Aktiengesellschaft

1931 955 309 116 Direktion

1862 1049 320 92 BASEL

1865 1173 423 83 Marktgasse 5.

1033 1289 1583 110 Ich komme auf Ihr Geehrtes vom 5. ds. zurück und be-

782 1421 1839 90 ehre mich, Ihnen mitzuteilen, dass der Vorstand sich in sei-

786 1513 1791 107 ner Sitzung vom 22. ds. mit Ihrem Vorschlag betr. Darlehen

790 1608 871 123 von Fr.33'000.- befasst hat.

1022 1711 1515 96 Der Vorstand ist bereit, auf den Vorschlag einzu-

793 1804 1737 98 treten, hat jedoch beschlossen, Sie vorerst um Mitteilung

786 1902 1790 99 eines etwas dotaillierteren Programms des von Ihnen in den

791 2011 1797 102 nächsten Jahren in Aussicht genommenen Personenschiffahrts-

791 2107 1845 98 betriebes zu bitten. Ferner möchte er nicht das gesamte Ver-

790 2224 1825 83 mögen der Gesellschaft festlegen, sondern nur eine Summe von

780 2319 1540 115 Fr.20/000.- bis Fr. 25'000.- als Darlehen hingeben.

1023 2409 1597 103 Herr Ryniker wird Ihnen noch mündlich nähere Mittei-

784 2498 1819 101 lungen machen. Ferner steht der Unterzeichnete für weitere

793 2620 1786 105 Verhandlungen betr. die Bedingungen des Darlehens zu Ihrer

780 2690 334 120 Verfügung.

1741 2799 467 112 In Hochachtung
