<?xml version="1.0" encoding="UTF-8"?>
<alto xmlns:xsi="http://www.w3.org/2001/XMLSchema-instance"
      xmlns="http://www.loc.gov/standards/alto/ns-v4#"
      xmlns:page="http://schema.primaresearch.org/PAGE/gts/pagecontent/2013-07-15"
      xsi:schemaLocation="http://www.loc.gov/standards/alto/ns-v4# https://www.loc.gov/standards/alto/v4/alto.xsd">
   <Description>
      <MeasurementUnit>pixel</MeasurementUnit>
      <OCRProcessing ID="IdOcr">
         <ocrProcessingStep>
            <processingDateTime>2022-02-15T15:27:43.329+01:00</processingDateTime>
            <processingSoftware>
               <softwareCreator>READ COOP</softwareCreator>
               <softwareName>Transkribus</softwareName>
            </processingSoftware>
         </ocrProcessingStep>
      </OCRProcessing>
   </Description>
   <Layout>
      <Page ID="Page1" PHYSICAL_IMG_NR="1" HEIGHT="3799" WIDTH="2836">
         <TopMargin HEIGHT="0" WIDTH="2836" VPOS="0" HPOS="0"/>
         <LeftMargin HEIGHT="3799" WIDTH="0" VPOS="0" HPOS="0"/>
         <RightMargin HEIGHT="3799" WIDTH="0" VPOS="0" HPOS="2836"/>
         <BottomMargin HEIGHT="0" WIDTH="2836" VPOS="3799" HPOS="0"/>
         <PrintSpace HEIGHT="3799" WIDTH="2836" VPOS="0" HPOS="0">
            <TextBlock ID="r1" HEIGHT="1776" WIDTH="1994" VPOS="263" HPOS="543">
               <Shape>
                  <Polygon POINTS="543,263 543,2039 2537,2039 2537,263"/>
               </Shape>
               <TextLine ID="r1l1"
                         BASELINE="1482,312 1507,315 1532,314 1557,312 1582,311 1608,312"
                         HEIGHT="128"
                         WIDTH="154"
                         VPOS="244"
                         HPOS="1467">
                  <String ID="string_r1l1"
                          HEIGHT="128"
                          WIDTH="154"
                          VPOS="244"
                          HPOS="1467"
                          CONTENT="- 3 -"/>
               </TextLine>
               <TextLine ID="r1l2"
                         BASELINE="1772,408 1797,410 1823,410 1848,411 1874,411 1900,411 1925,411 1951,410 1976,410 2002,410 2028,411 2053,411 2079,413 2105,414"
                         HEIGHT="116"
                         WIDTH="357"
                         VPOS="338"
                         HPOS="1760">
                  <String ID="string_r1l2"
                          HEIGHT="116"
                          WIDTH="357"
                          VPOS="338"
                          HPOS="1760"
                          CONTENT="Basel."/>
               </TextLine>
               <TextLine ID="r1l3"
                         BASELINE="2258,410 2283,411 2309,411 2335,411 2361,410 2387,410 2412,410 2438,410 2464,410 2490,411 2516,413"
                         HEIGHT="124"
                         WIDTH="283"
                         VPOS="324"
                         HPOS="2246">
                  <String ID="string_r1l3"
                          HEIGHT="124"
                          WIDTH="283"
                          VPOS="324"
                          HPOS="2246"
                          CONTENT="4.10.32."/>
               </TextLine>
               <TextLine ID="r1l4"
                         BASELINE="543,419 575,419 608,419 641,419 673,419 706,419 739,419 771,417 804,417 837,417 870,417 902,416 935,416 968,416 1000,414 1033,414 1066,414 1098,414 1131,414 1164,414 1197,414"
                         HEIGHT="141"
                         WIDTH="678"
                         VPOS="336"
                         HPOS="531">
                  <String ID="string_r1l4"
                          HEIGHT="141"
                          WIDTH="678"
                          VPOS="336"
                          HPOS="531"
                          CONTENT="Herrn Dr. Max Vischer,"/>
               </TextLine>
               <TextLine ID="r1l5"
                         BASELINE="548,519 647,519 746,519 846,518 945,518 1045,518 1144,516 1244,516 1343,516 1443,515 1542,515 1641,515 1741,513 1840,513 1940,513 2039,512 2139,512 2238,511 2338,510 2437,510 2537,510"
                         HEIGHT="81"
                         WIDTH="2015"
                         VPOS="467"
                         HPOS="535">
                  <String ID="string_r1l5"
                          HEIGHT="81"
                          WIDTH="2015"
                          VPOS="467"
                          HPOS="535"
                          CONTENT="über die Umgestaltung der Mauer unterhalb der Konditorei Spillmann"/>
               </TextLine>
               <TextLine ID="r1l6"
                         BASELINE="554,620 652,620 750,620 848,620 947,618 1045,618 1143,618 1241,617 1340,617 1438,615 1536,615 1634,614 1733,614 1831,614 1929,612 2027,612 2126,612 2224,612 2322,611 2420,611 2519,611"
                         HEIGHT="104"
                         WIDTH="1991"
                         VPOS="547"
                         HPOS="540">
                  <String ID="string_r1l6"
                          HEIGHT="104"
                          WIDTH="1991"
                          VPOS="547"
                          HPOS="540"
                          CONTENT="zu einem zweiten Landungssteg, damit der Verkehr nach Rheinfelden"/>
               </TextLine>
               <TextLine ID="r1l7"
                         BASELINE="548,720 620,720 693,720 766,720 839,719 912,719 984,719 1057,717 1130,717 1203,717 1276,716 1348,716 1421,716 1494,714 1567,714 1640,714 1712,714 1785,713 1858,713 1931,713 2004,713"
                         HEIGHT="90"
                         WIDTH="1481"
                         VPOS="648"
                         HPOS="536">
                  <String ID="string_r1l7"
                          HEIGHT="90"
                          WIDTH="1481"
                          VPOS="648"
                          HPOS="536"
                          CONTENT="und der Verkehr nach Kembs getrennt werden kann."/>
               </TextLine>
               <TextLine ID="r1l8"
                         BASELINE="1097,818 1161,816 1225,816 1290,816 1354,815 1419,815 1483,815 1547,815 1612,814 1676,813 1741,813 1805,813 1869,813 1934,812 1998,812 2063,812 2127,812 2191,810 2256,810 2320,809 2385,809"
                         HEIGHT="90"
                         WIDTH="1314"
                         VPOS="752"
                         HPOS="1084">
                  <String ID="string_r1l8"
                          HEIGHT="90"
                          WIDTH="1314"
                          VPOS="752"
                          HPOS="1084"
                          CONTENT="Dies sind in grossen Zügen unsere Pläne für"/>
               </TextLine>
               <TextLine ID="r1l9"
                         BASELINE="558,921 649,920 741,920 833,919 925,918 1016,918 1108,917 1200,917 1292,917 1383,915 1475,915 1567,915 1659,915 1750,914 1842,914 1934,914 2026,912 2117,912 2209,912 2301,911 2393,911"
                         HEIGHT="108"
                         WIDTH="1861"
                         VPOS="838"
                         HPOS="544">
                  <String ID="string_r1l9"
                          HEIGHT="108"
                          WIDTH="1861"
                          VPOS="838"
                          HPOS="544"
                          CONTENT="die nächste Personenschiffahrtssaison. Definitiv können diese"/>
               </TextLine>
               <TextLine ID="r1l10"
                         BASELINE="561,1022 659,1022 757,1020 855,1020 953,1020 1052,1019 1150,1019 1248,1017 1346,1017 1444,1017 1543,1016 1641,1016 1739,1016 1837,1016 1935,1015 2034,1014 2132,1014 2230,1014 2328,1014 2426,1013 2525,1013"
                         HEIGHT="83"
                         WIDTH="1988"
                         VPOS="965"
                         HPOS="549">
                  <String ID="string_r1l10"
                          HEIGHT="83"
                          WIDTH="1988"
                          VPOS="965"
                          HPOS="549"
                          CONTENT="Pläne jedoch erst werden nach Inbetriebsetzung des neuen Schiffes"/>
               </TextLine>
               <TextLine ID="r1l11"
                         BASELINE="563,1122 652,1122 742,1121 832,1120 921,1119 1011,1119 1101,1118 1190,1118 1280,1118 1370,1116 1460,1116 1549,1116 1639,1116 1729,1115 1818,1115 1908,1115 1998,1115 2087,1115 2177,1113 2267,1113 2357,1113"
                         HEIGHT="101"
                         WIDTH="1819"
                         VPOS="1054"
                         HPOS="550">
                  <String ID="string_r1l11"
                          HEIGHT="101"
                          WIDTH="1819"
                          VPOS="1054"
                          HPOS="550"
                          CONTENT="und nach dem Umbau der &#34;Rheinfelden&#34;, da zur endgültigen Ge-"/>
               </TextLine>
               <TextLine ID="r1l12"
                         BASELINE="555,1224 644,1224 733,1223 822,1223 911,1223 1000,1221 1089,1221 1178,1221 1267,1221 1356,1220 1445,1220 1534,1220 1623,1218 1712,1218 1801,1218 1890,1217 1979,1217 2068,1217 2157,1215 2246,1215 2336,1214"
                         HEIGHT="91"
                         WIDTH="1806"
                         VPOS="1176"
                         HPOS="541">
                  <String ID="string_r1l12"
                          HEIGHT="91"
                          WIDTH="1806"
                          VPOS="1176"
                          HPOS="541"
                          CONTENT="staltung des Fahrplanes erst Probefahrten ausgeführt werden"/>
               </TextLine>
               <TextLine ID="r1l13"
                         BASELINE="549,1323 576,1323 603,1323 630,1323 658,1322 685,1322 712,1322 739,1323 767,1325"
                         HEIGHT="109"
                         WIDTH="244"
                         VPOS="1257"
                         HPOS="536">
                  <String ID="string_r1l13"
                          HEIGHT="109"
                          WIDTH="244"
                          VPOS="1257"
                          HPOS="536"
                          CONTENT="müssen."/>
               </TextLine>
               <TextLine ID="r1l14"
                         BASELINE="1101,1419 1163,1418 1226,1418 1288,1418 1351,1418 1413,1416 1476,1416 1538,1416 1601,1416 1663,1416 1726,1416 1789,1416 1851,1416 1914,1416 1976,1416 2039,1416 2101,1416 2164,1416 2226,1415 2289,1415 2352,1415"
                         HEIGHT="124"
                         WIDTH="1276"
                         VPOS="1334"
                         HPOS="1088">
                  <String ID="string_r1l14"
                          HEIGHT="124"
                          WIDTH="1276"
                          VPOS="1334"
                          HPOS="1088"
                          CONTENT="Wir werden nicht versäumen, Sie stets auf"/>
               </TextLine>
               <TextLine ID="r1l15"
                         BASELINE="564,1526 656,1524 749,1524 841,1524 934,1523 1027,1523 1119,1521 1212,1521 1305,1521 1397,1520 1490,1520 1583,1520 1675,1518 1768,1518 1861,1518 1953,1517 2046,1517 2139,1517 2231,1517 2324,1517 2417,1517"
                         HEIGHT="99"
                         WIDTH="1878"
                         VPOS="1463"
                         HPOS="552">
                  <String ID="string_r1l15"
                          HEIGHT="99"
                          WIDTH="1878"
                          VPOS="1463"
                          HPOS="552"
                          CONTENT="dem laufenden zu halten über unsere Absichten in der Personen-"/>
               </TextLine>
               <TextLine ID="r1l16"
                         BASELINE="569,1625 595,1626 622,1626 649,1626 676,1626 703,1626 730,1626 756,1626 783,1625 810,1625 837,1625 864,1623 891,1623"
                         HEIGHT="102"
                         WIDTH="346"
                         VPOS="1550"
                         HPOS="557">
                  <String ID="string_r1l16"
                          HEIGHT="102"
                          WIDTH="346"
                          VPOS="1550"
                          HPOS="557"
                          CONTENT="schiffahrt."/>
               </TextLine>
               <TextLine ID="r1l17"
                         BASELINE="1544,1719 1587,1719 1630,1719 1673,1719 1717,1719 1760,1719 1803,1719 1846,1719 1890,1719 1933,1719 1976,1718 2019,1718 2063,1718 2106,1718 2149,1718 2192,1718 2236,1718 2279,1718 2322,1719 2365,1719 2409,1721"
                         HEIGHT="100"
                         WIDTH="890"
                         VPOS="1648"
                         HPOS="1531">
                  <String ID="string_r1l17"
                          HEIGHT="100"
                          WIDTH="890"
                          VPOS="1648"
                          HPOS="1531"
                          CONTENT="Mit vorzüglicher Hochachtung"/>
               </TextLine>
               <TextLine ID="r1l18"
                         BASELINE="1865,1769 1892,1770 1919,1770 1946,1770 1973,1769 2000,1767 2027,1766"
                         HEIGHT="54"
                         WIDTH="190"
                         VPOS="1725"
                         HPOS="1851">
                  <String ID="string_r1l18"
                          HEIGHT="54"
                          WIDTH="190"
                          VPOS="1725"
                          HPOS="1851"
                          CONTENT="BASLER"/>
               </TextLine>
               <TextLine ID="r1l19"
                         BASELINE="1424,1820 1476,1821 1528,1821 1580,1821 1633,1821 1685,1821 1737,1821 1789,1820 1842,1820 1894,1820 1946,1818 1998,1818 2051,1818 2103,1818 2155,1817 2207,1817 2260,1818 2312,1818 2364,1818 2416,1820 2469,1821"
                         HEIGHT="169"
                         WIDTH="1070"
                         VPOS="1711"
                         HPOS="1411">
                  <String ID="string_r1l19"
                          HEIGHT="169"
                          WIDTH="1070"
                          VPOS="1711"
                          HPOS="1411"
                          CONTENT="RHEINSCHIFFARRT-AKTIENGESELLSCHAFT"/>
               </TextLine>
               <TextLine ID="r1l20"
                         BASELINE="1695,2015 1722,2015 1749,2013 1776,2013 1803,2013 1830,2012 1857,2012 1884,2010 1911,2009 1938,2008 1965,2006 1992,2004 2019,2003"
                         HEIGHT="184"
                         WIDTH="355"
                         VPOS="1905"
                         HPOS="1680">
                  <String ID="string_r1l20"
                          HEIGHT="184"
                          WIDTH="355"
                          VPOS="1905"
                          HPOS="1680"
                          CONTENT="wilw"/>
               </TextLine>
            </TextBlock>
         </PrintSpace>
      </Page>
   </Layout>
</alto>
