2845 3797
1470 251 106 120 2 -

607 401 915 96 Herrn Dr. Max Vischer, Advokat

1829 364 746 132 Basel. 15.10.32.

598 529 1801 83 zubehalten, ihrerseits keine Personenschiffahrt weder nach

605 611 1831 94 Rheinfelden noch in einer andern Richtung, weder direkt noch

593 700 1287 93 indirekt betreiben oder unterstützen wird.

929 799 1482 122 Wir haben Sie bereits darüber unterrichtet, dass

611 908 1852 95 wir mit dem Gemeinderat von Rheinfelden in Verhandlung stehen

600 1022 1818 89 über die Errichtung einer Anlegestelle beim Strandbad Rhein-

591 1090 1900 103 felden. Die Rheinfelder Wirte, Konditoren machen dagegen Oppo-

610 1196 1832 89 sition und der Gemeinderat lässt sich leider von dieser Oppo-

606 1319 1793 104 sition beeinflussen. Wir haben deshalb, um das Ziel eher zu

596 1419 1759 91 erreichen, dem Gemeinderat gedroht, dass wir die Personen-

594 1501 1829 91 schiffahrt nach Rheinfelden stark einschränken müssten, wenn

600 1606 1670 108 uns nicht Gelegenheit geboten wird, den Anreiz, den das

595 1710 1797 115 direkte Landen im Strandbad für das Publikum bietet, auszu-

603 1800 1850 96 nützen. Diese Drohung ist also lediglich eine taktische Mass-

590 1914 1707 83 nahme. Wir werden natürlich nach wie vor auch ohne diese

594 2009 1806 89 Strandbadlandestelle nach Rheinfelden fahren werden. Jedoch

606 2103 1716 116 müssen wir die Fahrten auf das frühere Mass zurückführen,

601 2211 1785 91 nämlich nur an 6 statt an 7 Wochentagen zu fahren, wie dies

595 2325 1748 89 früher bei Ihrer Gesellschaft der Fall war. Der Ausgleich

588 2422 1745 76 für den Ausfall eines Wochentages findet sich dann in der

596 2520 1790 87 doppelten Führung der Kurse am Sonntag, da wir ja nächstes

593 2599 1044 113 Jahr über ein neues Boot verfügen.

927 2704 1443 89 Wir sehen gerne Ihrem weiteren Bericht über das

587 2815 1618 124 endgültige Zustandekommen des Abkommens entgegen und

592 2896 427 111 begrüssen Sie

1592 3003 364 115 hochachtend

1755 3075 121 60 SLER

1363 3114 1020 123 HEINSCHIFARRT-AKTIENGESELLSCHAFT

1628 3242 422 147 Wr
