<?xml version="1.0" encoding="UTF-8"?>
<alto xmlns:xsi="http://www.w3.org/2001/XMLSchema-instance"
      xmlns="http://www.loc.gov/standards/alto/ns-v4#"
      xmlns:page="http://schema.primaresearch.org/PAGE/gts/pagecontent/2013-07-15"
      xsi:schemaLocation="http://www.loc.gov/standards/alto/ns-v4# https://www.loc.gov/standards/alto/v4/alto.xsd">
   <Description>
      <MeasurementUnit>pixel</MeasurementUnit>
      <OCRProcessing ID="IdOcr">
         <ocrProcessingStep>
            <processingDateTime>2022-02-15T15:27:45.297+01:00</processingDateTime>
            <processingSoftware>
               <softwareCreator>READ COOP</softwareCreator>
               <softwareName>Transkribus</softwareName>
            </processingSoftware>
         </ocrProcessingStep>
      </OCRProcessing>
   </Description>
   <Layout>
      <Page ID="Page1" PHYSICAL_IMG_NR="1" HEIGHT="3798" WIDTH="2846">
         <TopMargin HEIGHT="0" WIDTH="2846" VPOS="0" HPOS="0"/>
         <LeftMargin HEIGHT="3798" WIDTH="0" VPOS="0" HPOS="0"/>
         <RightMargin HEIGHT="3798" WIDTH="0" VPOS="0" HPOS="2846"/>
         <BottomMargin HEIGHT="0" WIDTH="2846" VPOS="3798" HPOS="0"/>
         <PrintSpace HEIGHT="3798" WIDTH="2846" VPOS="0" HPOS="0">
            <TextBlock ID="r1" HEIGHT="3042" WIDTH="2217" VPOS="263" HPOS="398">
               <Shape>
                  <Polygon POINTS="398,263 398,3305 2615,3305 2615,263"/>
               </Shape>
               <TextLine ID="r1l1"
                         BASELINE="2460,306 2489,300 2518,300 2547,303 2577,306"
                         HEIGHT="128"
                         WIDTH="147"
                         VPOS="197"
                         HPOS="2446">
                  <String ID="string_r1l1"
                          HEIGHT="128"
                          WIDTH="147"
                          VPOS="197"
                          HPOS="2446"
                          CONTENT="(0"/>
               </TextLine>
               <TextLine ID="r1l2"
                         BASELINE="744,354 813,354 883,353 953,353 1022,353 1092,353 1162,351 1231,351 1301,351 1371,351 1441,351 1510,351 1580,350 1650,350 1719,350 1789,350 1859,350 1928,350 1998,350 2068,350 2138,350"
                         HEIGHT="114"
                         WIDTH="1419"
                         VPOS="277"
                         HPOS="731">
                  <String ID="string_r1l2"
                          HEIGHT="114"
                          WIDTH="1419"
                          VPOS="277"
                          HPOS="731"
                          CONTENT="Basler Rheinschiffahrt-Aktiengesellschaft"/>
               </TextLine>
               <TextLine ID="r1l3"
                         BASELINE="1347,438 1374,440 1402,441 1430,441 1457,440 1485,440 1513,438 1541,437"
                         HEIGHT="99"
                         WIDTH="221"
                         VPOS="371"
                         HPOS="1332">
                  <String ID="string_r1l3"
                          HEIGHT="99"
                          WIDTH="221"
                          VPOS="371"
                          HPOS="1332"
                          CONTENT="Basel"/>
               </TextLine>
               <TextLine ID="r1l4"
                         BASELINE="398,515 501,516 605,516 708,516 812,515 915,515 1019,515 1122,515 1226,515 1329,515 1433,515 1536,515 1640,513 1743,513 1847,513 1950,513 2054,513 2157,512 2261,512 2364,512 2468,512"
                         HEIGHT="73"
                         WIDTH="2097"
                         VPOS="471"
                         HPOS="384">
                  <String ID="string_r1l4"
                          HEIGHT="73"
                          WIDTH="2097"
                          VPOS="471"
                          HPOS="384"
                          CONTENT="STRASSBURG - KEHL - KARLSRUHE - MANNHEIM - KÖLN - DUISBURG-RUHRORT - ROTTERDAM - ANTWERPEN"/>
               </TextLine>
               <TextLine ID="r1l5"
                         BASELINE="1475,756 1521,758 1567,758 1613,759 1660,759 1706,759 1752,759 1798,759 1845,759 1891,759 1937,759 1983,759 2030,758 2076,758 2122,758 2168,758 2215,758 2261,759 2307,759 2354,761"
                         HEIGHT="83"
                         WIDTH="906"
                         VPOS="698"
                         HPOS="1462">
                  <String ID="string_r1l5"
                          HEIGHT="83"
                          WIDTH="906"
                          VPOS="698"
                          HPOS="1462"
                          CONTENT="Basel, den 19.Dezember 1932"/>
               </TextLine>
               <TextLine ID="r1l6"
                         BASELINE="1485,1031 1512,1034 1539,1034 1566,1032 1593,1031"
                         HEIGHT="84"
                         WIDTH="136"
                         VPOS="974"
                         HPOS="1471">
                  <String ID="string_r1l6"
                          HEIGHT="84"
                          WIDTH="136"
                          VPOS="974"
                          HPOS="1471"
                          CONTENT="Herr"/>
               </TextLine>
               <TextLine ID="r1l7"
                         BASELINE="1496,1101 1533,1101 1571,1101 1608,1101 1646,1100 1683,1100 1721,1100 1758,1100 1796,1100 1833,1098 1871,1098 1909,1098 1946,1098 1984,1098 2021,1098 2059,1100 2096,1100 2134,1100 2171,1101 2209,1102 2247,1103"
                         HEIGHT="96"
                         WIDTH="776"
                         VPOS="1035"
                         HPOS="1484">
                  <String ID="string_r1l7"
                          HEIGHT="96"
                          WIDTH="776"
                          VPOS="1035"
                          HPOS="1484"
                          CONTENT="Dr.M.Vischer - von Planta"/>
               </TextLine>
               <TextLine ID="r1l8"
                         BASELINE="513,1124 539,1125 566,1125 592,1125 619,1124 646,1124 672,1124 699,1124 726,1125 752,1125 779,1125 806,1125"
                         HEIGHT="114"
                         WIDTH="319"
                         VPOS="1041"
                         HPOS="501">
                  <String ID="string_r1l8"
                          HEIGHT="114"
                          WIDTH="319"
                          VPOS="1041"
                          HPOS="501"
                          CONTENT="DIREKTION"/>
               </TextLine>
               <TextLine ID="r1l9"
                         BASELINE="1494,1154 1519,1154 1545,1154 1571,1155 1597,1155 1622,1155 1648,1155 1674,1155 1700,1154 1725,1155 1751,1155 1777,1155 1803,1154 1828,1154 1854,1155 1880,1154 1906,1154 1932,1155"
                         HEIGHT="75"
                         WIDTH="463"
                         VPOS="1105"
                         HPOS="1481">
                  <String ID="string_r1l9"
                          HEIGHT="75"
                          WIDTH="463"
                          VPOS="1105"
                          HPOS="1481"
                          CONTENT="Advokat &amp; Notar"/>
               </TextLine>
               <TextLine ID="r1l10"
                         BASELINE="1488,1205 1515,1206 1542,1206 1570,1206 1597,1205 1624,1205 1652,1205 1679,1205 1706,1208 1734,1211"
                         HEIGHT="83"
                         WIDTH="273"
                         VPOS="1163"
                         HPOS="1474">
                  <String ID="string_r1l10"
                          HEIGHT="83"
                          WIDTH="273"
                          VPOS="1163"
                          HPOS="1474"
                          CONTENT="Basel"/>
               </TextLine>
               <TextLine ID="r1l11"
                         BASELINE="689,1526 724,1524 760,1524 795,1523 831,1523 867,1523 902,1523 938,1523 973,1523 1009,1523 1045,1523 1080,1523 1116,1523 1151,1523 1187,1523 1223,1523 1258,1523 1294,1523 1329,1523 1365,1523 1401,1523"
                         HEIGHT="115"
                         WIDTH="738"
                         VPOS="1448"
                         HPOS="675">
                  <String ID="string_r1l11"
                          HEIGHT="115"
                          WIDTH="738"
                          VPOS="1448"
                          HPOS="675"
                          CONTENT="Betr.Personenschiffahrt"/>
               </TextLine>
               <TextLine ID="r1l12"
                         BASELINE="1004,1680 1071,1682 1139,1682 1207,1682 1274,1682 1342,1682 1410,1682 1477,1682 1545,1682 1613,1682 1681,1682 1748,1682 1816,1682 1884,1682 1951,1683 2019,1683 2087,1683 2154,1683 2222,1683 2290,1682 2358,1682"
                         HEIGHT="111"
                         WIDTH="1380"
                         VPOS="1593"
                         HPOS="990">
                  <String ID="string_r1l12"
                          HEIGHT="111"
                          WIDTH="1380"
                          VPOS="1593"
                          HPOS="990"
                          CONTENT="Wir haben Ihrem Schreiben vom 16.ds entnommen"/>
               </TextLine>
               <TextLine ID="r1l13"
                         BASELINE="696,1760 797,1760 898,1761 999,1761 1100,1761 1201,1761 1302,1761 1403,1761 1504,1761 1605,1761 1706,1761 1807,1761 1908,1761 2009,1761 2110,1761 2211,1761 2312,1761 2413,1761 2514,1761 2615,1761"
                         HEIGHT="80"
                         WIDTH="1944"
                         VPOS="1704"
                         HPOS="683">
                  <String ID="string_r1l13"
                          HEIGHT="80"
                          WIDTH="1944"
                          VPOS="1704"
                          HPOS="683"
                          CONTENT="dass die Generalversammlung der Personenschiffahrtsgesellschaft"/>
               </TextLine>
               <TextLine ID="r1l14"
                         BASELINE="707,1841 788,1841 869,1841 950,1841 1031,1841 1112,1841 1193,1841 1274,1841 1355,1841 1436,1841 1517,1841 1598,1841 1679,1841 1760,1841 1841,1841 1922,1841 2003,1841 2084,1841 2165,1841 2246,1841 2327,1841"
                         HEIGHT="91"
                         WIDTH="1646"
                         VPOS="1786"
                         HPOS="694">
                  <String ID="string_r1l14"
                          HEIGHT="91"
                          WIDTH="1646"
                          VPOS="1786"
                          HPOS="694"
                          CONTENT="den Darlehensvertrag ohne Aenderung angenommen hat und"/>
               </TextLine>
               <TextLine ID="r1l15"
                         BASELINE="695,1919 778,1919 861,1919 944,1919 1027,1919 1110,1920 1193,1920 1276,1920 1359,1920 1442,1920 1526,1919 1609,1919 1692,1919 1775,1919 1858,1919 1941,1919 2024,1919 2107,1919 2190,1919 2273,1920 2357,1920"
                         HEIGHT="85"
                         WIDTH="1688"
                         VPOS="1854"
                         HPOS="681">
                  <String ID="string_r1l15"
                          HEIGHT="85"
                          WIDTH="1688"
                          VPOS="1854"
                          HPOS="681"
                          CONTENT="benützen diesen Anlass, um Ihnen für Ihre freundlichen"/>
               </TextLine>
               <TextLine ID="r1l16"
                         BASELINE="704,1998 760,1998 816,1998 873,1998 929,1998 986,1998 1042,1997 1099,1997 1155,1997 1212,1997 1268,1997 1324,1997 1381,1997 1437,1998 1494,1998 1550,1998 1607,1998 1663,1998 1720,1998 1776,2000 1833,2000"
                         HEIGHT="87"
                         WIDTH="1155"
                         VPOS="1947"
                         HPOS="692">
                  <String ID="string_r1l16"
                          HEIGHT="87"
                          WIDTH="1155"
                          VPOS="1947"
                          HPOS="692"
                          CONTENT="Bemühungen unsern Dank auszusprechen."/>
               </TextLine>
               <TextLine ID="r1l17"
                         BASELINE="1017,2076 1092,2076 1167,2076 1242,2076 1318,2076 1393,2076 1468,2076 1543,2076 1619,2076 1694,2076 1769,2078 1844,2078 1920,2078 1995,2078 2070,2078 2145,2078 2221,2078 2296,2078 2371,2078 2446,2078 2522,2078"
                         HEIGHT="94"
                         WIDTH="1533"
                         VPOS="2013"
                         HPOS="1003">
                  <String ID="string_r1l17"
                          HEIGHT="94"
                          WIDTH="1533"
                          VPOS="2013"
                          HPOS="1003"
                          CONTENT="Vom Wunsche des Vereins für die Schiffahrt auf dem"/>
               </TextLine>
               <TextLine ID="r1l18"
                         BASELINE="711,2156 792,2156 873,2156 954,2156 1035,2156 1116,2156 1197,2156 1279,2156 1360,2156 1441,2156 1522,2156 1603,2156 1684,2157 1765,2157 1847,2157 1928,2157 2009,2157 2090,2157 2171,2156 2252,2156 2334,2156"
                         HEIGHT="110"
                         WIDTH="1649"
                         VPOS="2088"
                         HPOS="698">
                  <String ID="string_r1l18"
                          HEIGHT="110"
                          WIDTH="1649"
                          VPOS="2088"
                          HPOS="698"
                          CONTENT="Oberrhein, die Frequenzzahlen zu Propagandazwecken zu"/>
               </TextLine>
               <TextLine ID="r1l19"
                         BASELINE="707,2235 792,2235 877,2235 962,2235 1048,2235 1133,2235 1218,2235 1303,2237 1389,2237 1474,2237 1559,2237 1644,2237 1730,2237 1815,2237 1900,2237 1985,2235 2071,2235 2156,2235 2241,2235 2326,2235 2412,2235"
                         HEIGHT="80"
                         WIDTH="1732"
                         VPOS="2175"
                         HPOS="693">
                  <String ID="string_r1l19"
                          HEIGHT="80"
                          WIDTH="1732"
                          VPOS="2175"
                          HPOS="693"
                          CONTENT="erfahren, haben wir Kenntnis genommen und werden ihm gerne"/>
               </TextLine>
               <TextLine ID="r1l20"
                         BASELINE="713,2315 796,2316 880,2316 964,2316 1047,2316 1131,2316 1215,2316 1298,2316 1382,2316 1466,2316 1550,2316 1633,2316 1717,2316 1801,2315 1884,2315 1968,2315 2052,2315 2135,2315 2219,2315 2303,2316 2387,2316"
                         HEIGHT="89"
                         WIDTH="1701"
                         VPOS="2256"
                         HPOS="700">
                  <String ID="string_r1l20"
                          HEIGHT="89"
                          WIDTH="1701"
                          VPOS="2256"
                          HPOS="700"
                          CONTENT="willfahren, sobald wir von diesem Verein erfahren haben"/>
               </TextLine>
               <TextLine ID="r1l21"
                         BASELINE="707,2396 793,2396 880,2396 967,2396 1053,2396 1140,2396 1227,2396 1313,2396 1400,2396 1487,2396 1574,2397 1660,2397 1747,2397 1834,2397 1920,2397 2007,2397 2094,2397 2180,2396 2267,2396 2354,2396 2441,2396"
                         HEIGHT="68"
                         WIDTH="1760"
                         VPOS="2351"
                         HPOS="693">
                  <String ID="string_r1l21"
                          HEIGHT="68"
                          WIDTH="1760"
                          VPOS="2351"
                          HPOS="693"
                          CONTENT="welcher Art diese Propaganda geführt werden soll. Selbst-"/>
               </TextLine>
               <TextLine ID="r1l22"
                         BASELINE="1203,2435 1248,2438"
                         HEIGHT="70"
                         WIDTH="75"
                         VPOS="2395"
                         HPOS="1189">
                  <String ID="string_r1l22"
                          HEIGHT="70"
                          WIDTH="75"
                          VPOS="2395"
                          HPOS="1189"
                          CONTENT="wir"/>
               </TextLine>
               <TextLine ID="r1l23"
                         BASELINE="702,2474 792,2475 882,2475 972,2475 1063,2477 1153,2477 1243,2477 1334,2478 1424,2478 1514,2478 1605,2478 1695,2478 1785,2478 1875,2478 1966,2478 2056,2478 2146,2478 2237,2478 2327,2478 2417,2477 2508,2477"
                         HEIGHT="82"
                         WIDTH="1830"
                         VPOS="2430"
                         HPOS="690">
                  <String ID="string_r1l23"
                          HEIGHT="82"
                          WIDTH="1830"
                          VPOS="2430"
                          HPOS="690"
                          CONTENT="verständlich sind für jede Empfehlung der Personenschiffahrt"/>
               </TextLine>
               <TextLine ID="r1l24"
                         BASELINE="713,2555 802,2555 892,2555 981,2556 1071,2556 1160,2556 1250,2556 1339,2556 1429,2557 1518,2558 1608,2558 1698,2558 1787,2558 1877,2558 1966,2558 2056,2558 2145,2558 2235,2558 2324,2556 2414,2556 2504,2555"
                         HEIGHT="73"
                         WIDTH="1815"
                         VPOS="2511"
                         HPOS="701">
                  <String ID="string_r1l24"
                          HEIGHT="73"
                          WIDTH="1815"
                          VPOS="2511"
                          HPOS="701"
                          CONTENT="sehr dankbar und würden es begrüssen, wenn der V.f.Sch.a.d."/>
               </TextLine>
               <TextLine ID="r1l25"
                         BASELINE="702,2636 791,2637 880,2637 969,2637 1058,2639 1147,2639 1236,2639 1325,2639 1414,2639 1503,2639 1593,2639 1682,2639 1771,2639 1860,2639 1949,2639 2038,2637 2127,2637 2216,2637 2305,2637 2394,2637 2484,2637"
                         HEIGHT="90"
                         WIDTH="1807"
                         VPOS="2578"
                         HPOS="689">
                  <String ID="string_r1l25"
                          HEIGHT="90"
                          WIDTH="1807"
                          VPOS="2578"
                          HPOS="689"
                          CONTENT="O.Rh. sich uns gegenüber etwas freundlicher einstellte, als"/>
               </TextLine>
               <TextLine ID="r1l26"
                         BASELINE="708,2714 796,2715 884,2715 973,2717 1061,2717 1149,2717 1238,2717 1326,2717 1414,2717 1503,2717 1591,2718 1679,2718 1768,2718 1856,2718 1944,2717 2033,2717 2121,2717 2209,2717 2298,2717 2386,2717 2475,2717"
                         HEIGHT="78"
                         WIDTH="1794"
                         VPOS="2666"
                         HPOS="694">
                  <String ID="string_r1l26"
                          HEIGHT="78"
                          WIDTH="1794"
                          VPOS="2666"
                          HPOS="694"
                          CONTENT="es bisher der Fall war. Wir werden die nächste Gelegenheit"/>
               </TextLine>
               <TextLine ID="r1l27"
                         BASELINE="699,2796 785,2795 872,2795 958,2795 1045,2795 1132,2795 1218,2796 1305,2796 1392,2796 1478,2796 1565,2796 1652,2798 1738,2798 1825,2798 1912,2798 1998,2798 2085,2798 2172,2798 2258,2798 2345,2798 2432,2796"
                         HEIGHT="82"
                         WIDTH="1761"
                         VPOS="2753"
                         HPOS="685">
                  <String ID="string_r1l27"
                          HEIGHT="82"
                          WIDTH="1761"
                          VPOS="2753"
                          HPOS="685"
                          CONTENT="benützen, um mit dem Verein über diese Propaganda uns zu"/>
               </TextLine>
               <TextLine ID="r1l28"
                         BASELINE="696,2877 722,2876 748,2875 775,2874 801,2874 827,2874 854,2873 880,2874 906,2874 933,2874 959,2874 985,2876 1012,2876 1038,2876 1064,2877 1091,2879"
                         HEIGHT="103"
                         WIDTH="422"
                         VPOS="2821"
                         HPOS="682">
                  <String ID="string_r1l28"
                          HEIGHT="103"
                          WIDTH="422"
                          VPOS="2821"
                          HPOS="682"
                          CONTENT="unterhalten."/>
               </TextLine>
               <TextLine ID="r1l29"
                         BASELINE="1085,2954 1131,2955 1177,2955 1223,2955 1269,2955 1315,2955 1361,2955 1407,2954 1453,2954 1499,2954 1546,2954 1592,2954 1638,2954 1684,2955 1730,2955 1776,2955 1822,2955 1868,2957 1914,2957 1960,2958 2007,2960"
                         HEIGHT="108"
                         WIDTH="950"
                         VPOS="2885"
                         HPOS="1071">
                  <String ID="string_r1l29"
                          HEIGHT="108"
                          WIDTH="950"
                          VPOS="2885"
                          HPOS="1071"
                          CONTENT="Mit vorzüglicher Hochachtung :"/>
               </TextLine>
               <TextLine ID="r1l30"
                         BASELINE="843,3063 905,3063 967,3063 1030,3063 1092,3063 1155,3063 1217,3063 1279,3063 1342,3063 1404,3063 1467,3063 1529,3063 1591,3063 1654,3062 1716,3062 1779,3062 1841,3062 1903,3062 1966,3062 2028,3063 2091,3063"
                         HEIGHT="156"
                         WIDTH="1273"
                         VPOS="2955"
                         HPOS="831">
                  <String ID="string_r1l30"
                          HEIGHT="156"
                          WIDTH="1273"
                          VPOS="2955"
                          HPOS="831"
                          CONTENT="Basler Rhei schiffahrt Aktiengesellschaft"/>
               </TextLine>
               <TextLine ID="r1l31"
                         BASELINE="1175,3261 1201,3263 1227,3265 1253,3267 1280,3270 1306,3272 1332,3276 1358,3279 1385,3281 1411,3283 1437,3285 1463,3285 1490,3287 1516,3286 1542,3284 1568,3282 1595,3279"
                         HEIGHT="190"
                         WIDTH="454"
                         VPOS="3153"
                         HPOS="1160">
                  <String ID="string_r1l31"
                          HEIGHT="190"
                          WIDTH="454"
                          VPOS="3153"
                          HPOS="1160"
                          CONTENT="W"/>
               </TextLine>
            </TextBlock>
         </PrintSpace>
      </Page>
   </Layout>
</alto>
