2921 3607
251 3161 48 98 1

2456 243 178 100 62

1273 375 377 94 Copie.

1358 447 324 69 -----------

243 539 1177 86 BASLER PERSONENSCHIFFAHRTSGESELLSCHAFT

1787 678 765 118 Basel, den 4. Juli 1933.

777 880 1105 91 An die Basler Rheinschiffahrts A.-G.

782 950 369 70 Marktgasse -

785 1000 346 93 Basel.

787 1171 614 115 Sehr geehrte Herren,

1077 1301 1480 101 In der Generalversammlung vom 24. Juni 1933 sind

771 1389 1714 111 uns verschiedene Beschwerden unterbreitet worden mit der

770 1518 1744 90 Bitte, bei Ihnen deshalb vorstellig zu werden. Es handelt

777 1586 280 105 sich um :

1085 1723 73 56 1.

1174 1693 1183 108 Das Fehlen eines gedruckten Fahrplanes.

1173 1775 602 64 Halt in Kaiseraugst.

1087 1768 77 62 2.

1182 1824 622 56 Halt in Basel-Breite.

1081 1823 73 61 3.

1074 1864 112 88 4.

1176 1866 1491 81 Vertretung Ihrer Gesellschaft an unseren General-

1171 1930 1147 70 versammlungen durch einen Delegierten.

1081 2011 1521 111 Wir erlauben uns Sie zu bitten, uns Ihre Stellung-

781 2115 1821 75 nahme gelegentlich zukommen zu lassen. Wir geben Ihnen hier-

764 2216 861 85 mit unsere Auffassung kund ;

973 2287 1550 123 V 1. Der Rechtsunterzeichnete hat den Votanten auf

771 2381 1794 78 Grund einer früheren Rücksprache mit Herrn Ryniker geantwor

779 2433 1840 87 tet, dass die Herausgabe eines Fahrplanes sich wegen Verhand-

783 2484 1737 78 lungen betr. Konzession nicht habe ermöglichen lassen. Wir

777 2535 1844 68 sind jedoch der Auffassung, dass es auch in unserem Interesse

772 2595 1733 76 gelegen hätte, wenn dem Publikum wenigstens ein provisori

779 2641 1353 62 scher Fahrplan hätte abgegeben werden können.

1075 2700 73 97 2.

1168 2710 1398 105 Von den Verhandlungen zwischen dem Gemeinderat

764 2787 1787 73 Kaiseraugst und Ihnen, hatten wir schon vorher Kenntnis er-

768 2843 1839 77 halten. Wir begreifen Ihren Standpunkt, denn auch während un-

770 2891 1687 84 seres Betriebes war derdörtige Verkehr schwach. Aber ge-

765 2940 1796 87 rade deshalb scheint uns, dass Kaiseraugst eine fakultative

760 2988 1768 86 Haltestelle, vielleicht nur bei der Bergfahrt, zugestanden

768 3043 425 67 werden könnte.
