2923 3608
1004 475 90 96 3.

1090 504 1311 64 Angesichts der grossen Distanz zwischen den

709 564 1690 57 von Gutsituierten bewohnten Quartieren Gellert, St. Alban

716 618 1705 56 und der grossen Ortschaft Birsfelden und der Schifflände,

712 667 1739 59 scheint uns das Begehren den Landungssteg Breite zu bedie-

709 710 1693 73 nen berechtigt. Auch hier könnte wenigstens bei der Berg

709 763 1271 68 fahrt dem Wunsche entgegengekommen werden.

1011 850 1549 78 Zu den Punkten 2 & 3 bemerken wir, dass nach unser-

718 905 1864 78 er Abmachung Sie den Betrieb auf der Strecke Basel-Rheinfelden

717 964 1867 54 im Umfang unserer Leistungen aufrechterhalten werden. Nun sind

704 1013 1780 58 durch uns die Haltestellen Basel-Breite und Kaiseraugst be-

707 1058 1907 73 dient worden, sofern Reisende sich zum Ein- oder Aussteigen mel

705 1119 1770 70 deten. Die Haltestelle Breite wurde allerdings bei der Tal-

708 1167 1509 79 fahrt erst n ac h Basel-Schifflände angefahren.

1005 1241 1518 87 4. Der Rechtsunterzeichnete hat in der Generalver-

711 1327 1786 52 sammlung darauf hingewiesen, dass unserer Gesellschaft kein

714 1362 1810 78 Recht zustehe von Ihnen Aufschlüsse über Ihren Betriebsteil

707 1429 1756 57 "Personenschiffahrt" zu verlangen. Wenn Sie jedoch einver-

718 1474 1774 73 standen sind, einen Delegierten zu senden, werden wir Ihnen

708 1524 1111 69 gerne eine Einladungskarte zustellen.

1018 1615 1492 76 Wir erinnern Sie an unsere frühere Bitte, uns die

706 1659 1744 82 Personenfrequenzen Ihres Betriebes zukommen zu lassen. Es

703 1725 1361 72 wird dies zu statistischen Zwecken gewünscht.

1004 1796 1530 108 Zu persönlichen näheren Ausführungen obiger Punkte

1481 1881 262 78 zeichnen

710 1874 770 90 sind wir gerne bereit und

1576 1973 864 90 mit vorzüglicher Hochachtung

1568 2080 288 98 Caaler Persei

1580 2155 265 81 Der Präcidant;

2275 2182 122 67 ührer:

1473 2216 1249 124 119 2 16. Krasker ag dolen Celliager teid
