2845 3800
175 636 2461 90 BASLER RHEINSCHIFFAHRT AKTIENGESELLSCHAFT

1304 822 289 80 BASEL 19

235 830 538 85 Fahrplanmässiger Personenver¬

1813 809 324 94 BASEI

755 851 430 110 EUE ADRESSE:

1173 883 539 104 Westqualstrasse 60

1824 888 353 70 MARKTGASSE 5

231 891 545 80 kehr nach Rheinfelden, Kraff¬

1821 949 353 68 TELEPHON 24.790

223 958 553 67 werk Kembs-Istein-Rheinweiler

228 1021 547 76 GESELLSCHAFTSFAHRTEN

1814 1018 634 126 den 16. August 1935.

225 1084 544 80 ABENDFAHRTEN

633 1136 121 99 R/J

1368 1204 1222 98 Basler Personenschiffahrts-Gesellschaft,

1356 1294 344 95 Basel.

876 1498 1598 143 Wir haben Kenntnis genommen von Ihrer Mitteilung vom

632 1619 1966 126 15. August, wonach am 31. August Ihre General-Versammlung statt-

613 1723 251 107 findet.

874 1824 1619 104 Mit Rücksicht auf die kleine Teilnehmerzahl sehen Sie

633 1913 1869 113 von der Bestellung eines Extraschiffes ab und benützen das um

627 2028 1811 107 2.00 Uhr die Schifflände verlassende Kursschiff. Wir werden

627 2128 1903 106 dafür sorgen, dass für die Mitglieder der Personenschiffahrts-

631 2210 1170 108 Gesellschaft Plätze reserviert werden.

874 2325 1607 120 Da der Unterzeichnete am 31. August sich im Militär-

632 2435 1778 82 dienst befindet, ist es ihm leider nicht möglich, an Ihrer

633 2531 1836 92 Generalversammlung teilzunehmen. Falls Sie zuhanden der Ver-

639 2617 1942 118 sammlung gewisse Auskünfte über die Personenschiffahrt wünschen,

631 2728 1948 118 ersuchen wir Sie, uns so bald als möglich mitzuteilen, über was

633 2818 1851 118 Sie an der Generalversammlung Aufschluss wünschen, damit wir

630 2928 1875 96 Ihnen unter Umständen einen kleinen schriftlichen Bericht zu-

637 3019 1441 104 handen der Generalversammlung zustellen können.

1813 3169 350 107 Hochachtend

1945 3248 189 55 BASLER

1558 3283 891 114 CHIFFAHRT AKTIENGESELISCHAFT

1576 3345 427 122 Hiu

283 3458 2273 49 Wir sind die modernst ausgerüstete Schweizerische Rheinreederel mit 42 eigenen Schiffen und 7200 Dieselmotoren P. S. (wovon 6500 P. S. Sulzermotoren).

280 3507 2276 57 Schnellverkehr zwischen Schweiz-Nordsee-Schweiz für Stück- und Massengüter aller Art. Kürzeste Reisedauer, zuverl. Durchführung, konkurrenzfähige Frachtsätze.

488 3534 1856 60 Vertretungen oder Tochtergesellschaften in Antwerpen, Rofterdam, Duisburg-Ruhrort, Köln, Mannheim, Karlsruhe, Kehl, Strassburg.
