2921 3610
459 401 1206 93 BASLER PERSONENSCHIFFAHRTSGESELLSCHAFT

1679 537 882 113 Basel, den 17. August 1935.

736 809 738 88 Herrn Fritz Ritter

752 874 897 87 Basler Rheinschiffahrt A.-G.-

1138 938 37 57 18

746 931 312 76 Basel

1172 1215 1344 96 Wir danken Ihnen für Ihre Antwort vom 16.ct.

754 1295 1731 102 bestens. Wir bedauern, Sie wegen Militätdienst an unserer

748 1384 1381 97 Generalversammlung nicht begrüssen zu können.

1185 1466 1309 123 Vielleicht ist es Ihnen möglich doch jemand

752 1571 1719 79 zu uns abzuordnen, weil in früheren Generalversammlungen

760 1635 1744 109 jeweilen Fragen über Ihre Betriebsführung gestellt worden

768 1714 1698 96 sind, welche wir nicht beantworten konnten. Letztes Jahr

765 1796 1712 101 wurde keinerlei Auskunft verlangt; wir hegen einzig die

757 1862 1809 102 Befürchtung, dass sich Herr Wacker in Schweizerhall und die

759 1964 1865 99 Vertreter der Gemeinde Kaiseraugst, wegen der nicht fahrplan-

761 2025 1803 109 mässigen Bedienung der diesbezl. Stationen, äussern werden.

1178 2135 1376 92 Wir überlassen es Ihrem Gutdünken, uns einen

758 2214 1852 108 kurzen Bericht einzusenden, falls Sie nicht vorziehen, einen

749 2312 671 93 Vertreter zu stellen.

1564 2410 888 73 Mit vorzüglicher Hochachtung

1618 2498 698 123 Basler Personenschiffahrtsgese

1863 2581 393 84 Der Geschäftskührer:

790 3067 268 81 Beilage:

769 3104 329 110 Einladung.
