2845 3798
1401 285 60 109 2

860 466 1671 96 Aehnliches gilt für Kaiseraugst. Dort ist die Frequenz

593 576 1994 92 noch schlimmer als in Schweizerhalle. Die Station Basel-Augst ist

586 670 1997 106 kaum 10 Minuten von Kaiseraugst entfernt und es ist betriebstech-

590 771 1996 86 nisch ein Unsinn in Kaiseraugst aufzudrehen und grosse Manöver zu

588 871 1373 80 vollziehen wegen einem oder keinem Passagier.

857 973 1699 93 Kaiseraugst leidet unter der Nichtbedienung der Station

591 1094 1974 70 unter keinen Umstämden, da die meisten Leute, die Kaiseraugst be-

588 1174 1946 90 suchen, vorerst einen kleinen Bummel ausführen wollen. Der gege-

587 1265 1858 107 bene Bummel ist der von Station Basel-Augst nach Kaiseraugst.

879 1369 1565 96 Wir haben vor Publikation dieser Massnahme dem eidg.

588 1475 1921 81 Post- und Eisenbahn-Departement davon Kenntnis gegeben und die-

601 1577 1148 97 se Instanz hat den Fahrplan genehmigt.

864 1676 1681 104 Wir müssen darnach trachten, den ganzen Betrieb rentab-

598 1785 1964 88 ler zu gestalten. Zu diesen Massnahmen gehört auch die Aufhebung

600 1867 1961 109 überflüssiger Haltestellen in dem Sinne, dass es uns gelingt, die

587 1963 1963 101 Fahrzeit zu verkürzen, denn nur durch Fahrzeitverkürzung wird es

588 2084 1499 77 uns möglich sein, weiteres Publikum heranzuziehen.

863 2179 1761 101 Die Bergfahrt von 2 Stunden und die Talfahrt von 1 Stunde

591 2277 1989 101 für die kurze Strecke nach Rheinfelden resp. Basel ist eben ziem-

600 2373 2042 111 lich lang und die Gefahrder Abwanderung von Passagieren sehr gross,

587 2472 1929 101 wenn wir nun die Fahrzeit, nachdem wir sie glücklich haben ver-

588 2595 1229 76 kürzen können, wieder verlängern müssen.

866 2675 1782 84 Wir haben indessen nichts dagegen, Kaiseraugst und Schwei-

608 2767 1956 79 zerhalle wieder zu bedienen, wenn wir hierfür eine Subvention er

588 2872 2020 97 halten. Es geht nicht an, dass wir Jahr für Jahr die Betriebsdefi-

598 2968 2020 92 zite decken und dann dazu noch auf jede Reklamation von Uferanwoh-

593 3085 697 90 nern eintreten müssen.

2268 3204 160 112 - 3 -
