2923 3605
2492 180 151 152 1

699 257 217 114 Basler

1517 329 882 139 Basel, den 16. Februar 1926.

286 321 1022 134 Rheinschiffahrt-Aktiengesellschaft

647 445 299 78 Marktgaste 51l

595 531 409 80 Telephon: Birsig 69.90-92

600 580 401 68 Telegramme: Navibale

595 646 401 66 Postcheck- Konto V 3012

396 694 791 68 Bankverbindung: Schweizerischer Bankverein, Basel

1385 699 589 104 Herrn Christ,

1440 797 967 122 i/Fa. Paravicini, Christ & Co.,

2084 892 301 77 Basel.

2010 944 500 102 Kaufhausgasse 7.

743 1072 810 101 Sehr geehrter Herr Christ,

1535 1122 1087 138 Durch Herrn Ryniker/Dr. Max Vischer

743 1250 1814 114 haben Sie wahrscheinlich erfahren, dass unsere Gesellschaft

754 1354 1812 93 ein Dieselmotorboot bestellt hat. Das Boot wird ähnlich ge-

756 1448 1802 120 baut wie Ihr Passagierboot "Rheinfelden". Es ist allerdings

760 1560 1824 94 ca. 6 m kürzer und ca. 1/2 m. schmäler. Es soll dazu dienen,

754 1659 1925 91 im Hafengebiet von Basel die auf dem Hüninger Kanal eintreffen-

760 1742 1766 105 den Kanalschiffe zu ihrer Löschstelle zu verschleppen. Da

767 1872 1920 72 diese Arbeit allein aber nicht ermöglicht, ein Boot wirtschaft-

765 1939 1815 99 lich zu betreiben, haben wir das Boot so bauen lassen, dass

770 2053 1576 80 es gleichzeitig der Personenbeförderung dienen kann.

1313 2133 1279 129 Der Kanalverkehr, der dem Boot im Schlepp-

773 2240 1868 105 geschäft Beschäftigung bringt, beginnt in der Regel im Herbst

767 2355 1869 94 und dauert bis zum Frühjahr. Er ist eine Ergänzung zum Rhein-

767 2439 1927 113 Verkehr. Im Sommer ist das Boot zur Hauptsache für die Personen-

773 2541 1766 93 beförderung verfügbar. Die Pläne des Bootes sind von Herrn

770 2637 1841 104 Schiffbau-Ingenieur Ryniker entworfen. Das Boot fasst bequem

766 2735 1946 94 150 Sitzplätze und ca. 50 gute Stehplätze oder Feldsesselplätze.

1324 2841 1283 91 Wir sind nun natürlicherweise als Erwerbs-

773 2915 1807 117 gesellschaft darauf angewiesen, mit dem Boot möglichst viel

776 3030 1894 100 zu verdienen. Da die Basler Personenschiffahrtsgesellschaft in

764 3124 1929 114 der gleichen Lage ist, so wäre zu untersuchen, ob nicht im Per-

2463 3206 111 130 ./.
