2925 3608
1436 286 163 96 - 3 -

2250 385 229 98 4.3.26.

1695 381 338 101 Basel.

705 380 603 110 Herrn Christ,

710 543 709 104 für Brennstoff und Oel.

1291 594 1228 120 Zu Lasten des Eigentümers jedes Schiffes

724 739 1729 80 gehen die Kosten für Unterhalt, Ersatz von Inventargegen-

723 825 1344 92 ständen und Maschinenteilen und Reparaturen.

717 908 379 135 2. Personal:

1291 997 1395 94 Die Basler Rheinschiffahrt-Aktiengesellschaft

723 1076 1833 123 stellt das für den Betrieb nötige Personal an. Sie übernimmt

710 1205 1904 94 die Verpflichtung, Kapitän und Maschinisten des Bootes "Rhein-

711 1310 1212 117 felden" für das ganze Jahr anzustellen.

1298 1401 1230 105 Für die Dauer des Gemeinschaftsbetriebes

723 1505 1880 80 gehen die gesamten Personalkosten zu Lasten der Gemeinschafts-

716 1593 297 94 rechnung.

1298 1683 1311 97 Für diejenigen Monate, in denen die "Rhein-

718 1794 1857 98 felden" infolge geschlossener Personenschiffahrt still liegt,

719 1873 1869 128 vergütet die Personenschiffahrtsgesellschaft an die Personal-

732 1991 1793 110 kosten, Kapitän und Maschinist, der Basler Rheinschiffahrt-

729 2081 1831 93 Aktiengesellschaft ein Wartegeld von Schw.Fr. 100.- pro Mann

730 2163 322 115 und Monat.

1299 2276 1151 86 Die Personalversicherung geht für die

716 2381 1873 86 Dauer des Gemeinschaftsbetriebes zu Lasten der Gemeinschafts-

726 2442 300 115 rechnung.

1290 2522 1271 127 Die Haftpflichtversicherung für die Fahr-

727 2653 1732 106 gäste geht ebenfalls zu Lasten der Gemeinschaftsrechnung.

724 2752 478 111 3. Verrechnung:

1293 2821 1176 130 Der nach Bezahlung aller zu Lasten der

723 2932 1873 89 Gemeinschaftsrechnung gehenden Beträge verbleibende Betriebs-

738 3039 1901 90 überschuss wird in einem festen Verhältnis zwischen den beiden

734 3131 1814 103 Schiffseigentümern verteilt. Wir schlagen die Verteilung so

2274 3231 120 108 ./.
