2925 3602
1489 292 135 127 4 -

2238 362 239 115 4.3.26.

1712 379 344 104 Basel.

693 384 599 106 Herrn Christ,

1962 469 39 70 -

2088 463 84 82 ——-

696 560 1750 107 vor, dass die "Rheinfelden" 5/9, der "Vogel-Gryf" 4/9 des

685 645 668 108 Ueberschusses erhält.

1274 717 1255 121 Diese Verteilungszahlen schlagen wir vor,

698 825 1830 120 gestützt auf einen Vergleich der Erwerbsfähigkeit der beiden

712 927 1820 96 Schiffe. Zum Vergleich der Erwerbsfähigkeit haben wir heran-

698 1058 1825 83 gezogen die amtlich festgestellte Tragfähigkeit der Schiffe.

692 1120 1857 102 Diese ist für die "Rheinfelden" mit 250 Personen festgesetzt,

700 1230 1825 88 für den "Vogel-Gryf" soll sie ca. 180/200 Personen betragen.

704 1330 1825 87 Wir haben ferner in Betracht gezogen diejenige Personenzahl,

704 1442 1801 92 die bequem auf Sitzplätzen untergebracht werden kann. Unter

701 1521 1741 85 Berücksichtigung der Feldsessel hat die "Rheinfelden" ca.

711 1623 1736 92 180 Sitzplätze, der "Vogel-Gryf" soll ca. 150 feste Sitz-

712 1723 1799 90 plätze erhalten. Unter Berücksichtigung dieser Verhältnisse

700 1822 1786 103 kommen wir zu dem oben erwähnten Verteilungsvorschlag. Wir

714 1911 1668 110 haben dabei nicht berücksichtigt, dass der "Vogel-Gryf"

713 2002 1770 89 infolge seiner grösseren Maschinenstärke, seines kleineren

701 2092 1806 87 Schiffskörpers und seiner ganzen Bauart das raschere Schiff

705 2190 1753 84 sein wird, als die "Rheinfelden". Was die Ausstattung der

707 2290 1808 78 beiden Schiffe anbetrifft, so dürfte diese als gleichwertig

709 2366 1895 108 betrachtet werden, wenn schon die "Rheinfelden" ein Jahr älter

716 2465 1741 121 ist als der „Vogel-Gryf". Es darf aber vielleicht doch in

717 2585 1898 124 Betracht gezogen werden, dass die Rheinwerft Walsum jedenfalls

709 2691 1813 84 in Bezug auf Schiffsbau der Rheinwerft Augst weit überlegen

717 2785 1871 83 ist. Die Rheinwerft Walsum wird auch schon aus Reklamegründen

723 2902 1910 92 alles tun, um das Schiff auch in seiner Innenausstattung jeden-

711 2992 1447 86 falls der "Rheinfelden" gleichwertig zu machen.

1294 3071 1315 120 Wir hoffen, dass unsere Vorschläge als eine

722 3171 1951 126 annehmbare Diskussionsbasis für die Ausarbeitung eines Betriebs-

2450 3299 88 95 ./.
