2925 3604
1192 385 178 91 Max V

607 386 453 152 Herrn Früglden

1197 528 1305 127 1. Mitte Fobruar hat Herr Schiffban-Ingenie

945 635 1609 104 underm Einverständnis Ihnen Kenntnis gegeben von dem

669 638 108 111 mik

623 723 1905 105 Bau unseres Bootes "Vogel Gryf", und daven, dass wir grundsütz-

611 832 1994 121 lich bereit seien, in einer für beide Gesellschaften befriedigen-

620 927 1996 118 den Form zusammen zu arbeiten. Sie haben Horrn Ryniker mitgeteilt,

605 1029 1956 107 dass Sie Mitte Februar einige Zeit in die Ferien gehen, er möcht

675 1118 1853 114 is bitten, über ein Zusammenarbeiten mit Herrn Christ zu ver-

625 1235 238 132 hundeln.

2247 1326 227 110 Christ

687 1426 204 114 nIhre

1327 1531 147 133 ment

1556 1541 111 99 te

1235 1637 476 108 ben von 16. Febr

1439 1720 289 123 tgeteilt.

663 1741 193 121 n Beza

1494 1820 768 130 März fand eine eingehende

1507 1917 1079 121 ettinger und den beiden Unterzeich-

756 1931 407 112 chen den Herr

1362 2020 1187 125 Merrn Paul Christz statt. Es herrschte

1133 2047 57 76 ro

625 2042 319 107 neten auf

640 2133 1808 118 bei allen an der Besprechung Beteiligten die Meinung, dass u

632 2221 1937 120 dingt ein enges Zusermenarbeiten im Interesse der beiden Gesell-

935 2325 1591 110 Nre. Zu diesem Zusammenarbeiten erklärten wir uns bai

644 2346 148 90 schaf

623 2435 1905 93 Wir bestätigten den Inhalt der Unterredung nach Rücksprache mit

912 2520 1266 107 deldenten in unsern Schreibenvom 4. März.

1223 2628 1185 127 4. Un den 24. Marz fand auf dem Bureau

633 2701 1989 155 Herrn Dr. Krasting eine neue Besprechung zwischen Herrn Dr. Krast

1499 2820 962 122 Aupf statt. In dieser Besprechun

623 2827 403 113 Herrn Christ

644 2935 1832 97 machte Herr Christ einen neuen Vorschläg für ein Eusamenarbe

638 3028 1966 109 der bestehenden persönlichen Abneigungen Rechnung tragen sollte.

2319 3109 107 109 lich

627 3134 1488 100 Herr Chriet machte diesen Verschlag ven eich aum
