2899 3568
602 368 591 152 Herrn Fräsident Dr.

1894 384 78 85 2

1261 379 358 146 Vischer.

2276 328 291 146 El.6.26.

610 538 1917 106 behielt sich Genhhmigang durch dem Vorstand ver. Herr Groschmpf

608 635 1915 108 akzeptierte den Verschleg ohne weiteres. Die Besprechung wurde

612 737 1768 85 bestätigt is Brief vom 24. März 1926 an die Direktion der

604 820 1951 111 Ausstellung. Wir gestatteten ans, Herrn Christ Xopie ven diesen

673 918 548 111 rief zu übergeben.

1211 1010 1333 122 5. Herr Christ bestätigte mit Schreiben von

604 1113 1835 99 13. Marz den Mapfang unserse Jchreibens von 14. Februar und

599 1209 1905 111 4. März, sowie der Kopie unseres Jchreibens von 24. März an die

604 1316 1912 111 Ausstellung. Er teilte uns mit, dass er seene Bemühungen fert-

617 1428 1846 102 setze, und dass er hoffe, in der nächsten Zeit hierauf zurück

667 1513 1872 109 men zu können. Er tellte mit, dass die Widerstande in Kreise

606 1622 1915 93 des Verstandes gegen eine Betriebegeseinschaft grösser zu sein

617 1708 1363 103 scheinen, als er ursprünglich geglaubt habe.

1205 1797 1240 116 6. Einige Tage darzuf erhielten wir von

611 1895 1969 116 Herrn Dr. Krasting telephonisch die Mitteilung, dass Herr Christ

611 2000 1928 83 ihn verständigt habe, er Eisse seinen Vorschlag, den er in der

646 2099 1959 88 etsien Besprectung genacht habe, srrückziehen, weil Sie und Herr

608 2186 1730 121 Stauffscher mit des Vorschlag nicht einverstenden deien.

1215 2278 1271 131 Wir eiklärten Herrn Dr. Krasting, dass wir

609 2381 1910 134 jeden weitern Vorschlag, der ein vernänftiges Zusanmenarbeiten

608 2485 1967 126 ermöglicht, annehmen würden. Herr Dr. Krasting erklärte, dass er

619 2587 1887 98 sich gelegentlich mit Ihnen wieder in Verbindung setzen werde.

1235 2696 1410 110 Ende Mai fragten wir Herrn Christ telerhenisch

894 2780 1737 96 itere Verhandlungen erwänscht seien, oder ob wir die Ver-

933 2888 1655 89 als abgebrechen zu betrachten hätten. Herr Christ er-

613 2990 1993 114 klärten, er sei der Meinang, dass weitere Verhandlungen unbedingt

608 3086 2088 100 nätig seien im Interesse beider Gesellschaften. Er sei ohne weiteres

620 3173 2052 116 bereit, nach seiner Rückkehr von Londen (6. Junil die Verhandlungen

2377 3285 154 119 ./.
