2925 3607
2242 345 282 173 21.6.R6.

1708 357 182 100 Ba

613 368 398 100 Herrn Präsid:

654 546 1632 94 tieder aufzadehmen. Wir möchten uns bis dehin gedalden.

1222 622 1065 110 7. Zinige Tage nach den 6. Juni tel

906 719 1256 121 Dr. Krasting und wünschte mit uns eine Des

759 737 74 108 Her

1451 822 1019 104 egenüber der Perscnenschiffahrts-

627 825 755 119 über unsere Stellungnehne

656 941 1869 97 gesellschaft. Diese Besprechung fand statt zwischen Herrn Grosc

724 1012 1833 102 Herrn Dr. Krusting. Sie ergab, dess wir nach wie vor bereit

837 1140 1767 96 jeden ehrlichen, vernänftigen Verschlag zu einem Zusermen-

916 1230 1548 109 anzunchnen. Horr Dr. Krasting äusserte sich hierauf

649 1345 1950 85 befriedigt. Er bedauorte die schleppenden Verhandlungen, die bis

627 1428 1189 111 jetzt zu keinen Resultat geführt haben.

1258 1507 1361 115 Dienstag, den 15. Juni fand dann die eingangs

1008 1612 900 136 chliessende Besprechung statt.

1452 1821 597 98 suben uns, Ihnen uns

1283 1920 1201 101 über die Art und Weise, wie von der Fer-

2087 2029 380 104 oführt worde:

650 2030 1371 111 sonenschiffahrtsgesellschaft die Verhandlungen

633 2111 1830 133 sind. Währendden Herr Christ von Ihnen als dem Früsidenten de

627 2224 1852 103 Basler Ferwonenschiffahrtegesellschaft uns offiziell als Deie

630 2337 1842 101 gierter zu den Verhandlungen bezeichnet wurde und mit uns ver

638 2434 1970 112 handelte über eine enge Betriebsgomeinschaft, sicherten Sie sich,

637 2545 1967 83 ehne uns irgendwie davon zu verständigen, die Schiffe "Albatros",

644 2611 1958 104 "Clarus" und "Unterwalden". Es musste Ihnen doch selbstverstind-

637 2717 1941 106 lich bekannt sein, dass diese Vermehrung Ihres Schiffsperkes in

637 2822 1997 116 irgendeiner Forn die von Ihren offiziellen Dolegierten gewünschte

632 2909 1938 122 enge Betriebsgemeinschaft, über deren Zustandekommen er mit uns

645 3015 1876 117 fortwährend verhandelte, beeinträchtigen musste. Sie haben uns

638 3111 1874 141 niemale mitgeteilt, dass Herr Christricht mehr der offisielle

2380 3214 135 114 ./.
