2925 3605
449 270 323 168 felend

2042 636 484 91 26. Juni 1926.

1120 828 670 129 Geschäftsleitung der

1241 948 997 112 Internationalen Ausstellung für

1248 1030 1223 135 Binnenschiffahrt und Wasserkraftnutzung

1723 1137 321 88 Basel

1265 1300 1405 128 Die Basler Rheinschiffahrt Aktiengesellschaft

720 1448 1873 88 hat Ihnen Kopie eines an den Linksunterzeichneten gerichteten

711 1539 1905 89 Schreibens d.d. 21. ct. zugestellt, in dem versucht wird, eine

706 1628 1899 98 Zusammenfassung der mit uns geführten Verhandlungen betr. Ver-

708 1711 1853 116 ständigung über einen gemeinsamen Personenschiffahrtsbetrieb

706 1837 1865 120 zu geben. Dieses Schreiben gibt uns Veranlassung, zur Steuer

708 1959 1182 86 der Wahrheit, folgendes festzustellen:

1050 2008 1588 107 Richtig ist, dass die Basler Rheinschiffahrt Aktien-

716 2110 1819 112 gesellschaft im Februar in Abwesenheit unseres Präsidenten

719 2230 1819 99 mit Herrn Vizepräsidenten Christ Verhandlungen eröffnet hat.

716 2341 2061 100 Diese Verhandlungen führten zu einem von der Basler Rheinschiffahrt

707 2418 1937 105 Aktiengesellschaft mit Schreiben vom 4. März eingereichten Vor-

716 2524 1878 105 schlag, der jedoch von unserem Vorstand in seiner Sitzung vom

723 2623 1921 100 11. März als unannehmbar bezeichnet wurde. Die Ablehnung dieses

719 2739 1934 95 Vorschlags wurde Herrn Groschupf sofort durch Herrn Christ mit-

708 2820 1908 111 geteilt; Herr Christ fügte bei, er sei von unserm Vorstand er-

720 2916 1786 128 mächtigt, die Besprechungen mit der Basler Rheinschiffahrt

709 3018 1886 120 Aktiengesellschaft in unverbindlicher Weise fortzuführen, und

721 3119 1934 95 es fanddann um den 20. März herum eine Konferenz statt, an der
