2925 3604
676 405 307 120 Blatt II.

676 571 1850 88 die Herren Christ, Groschupf und Dr. Krasting teilnahmen und

676 639 1876 122 an der Herr Christ die rein persönliche Anregung einer ad hoc

686 757 1789 86 zu bestellenden Kommission für die Uebernahme des Betriebs

692 841 1857 101 während der Dauer der Ausstellung machte. Der von unserm Vor-

683 960 1960 98 stand für die Verhandlungen eingesetzte Ausschuss beschloss aber

679 1037 1934 125 dann, diese Anregung fallen zu lassen, dafür aber die Miete und

682 1150 1962 114 Indienstnahme des "Vogel Gryf" durch unsere Gesellschaft in Vor-

681 1255 1923 112 schlag zu bringen. Herr Christ kündigte diesen Vorschlag sowohl

681 1352 1847 101 der Basler Rheinschiffahrt Aktiengesellschaft als auch Herrn

679 1443 1967 105 Dr. Krasting auf seine Anfrage vom 26. März hin an. Wir reichten

687 1537 1984 122 Ihnen dann, abenfalls mit Schreiben vom 29. März, diesen Vorschlag

695 1657 1957 92 ein in der Meinung, dass er unter Ihrer Leitung einer Diskussion

691 1766 1845 96 wuräeunterzogen werden. Leider erhielten wir jedoch auf unser

670 1857 1901 100 Schreiben vom 29. März nie eine Antwort, so dass wir annehmen

676 1968 1931 76 mussten, die Basler Rheinschiffahrt Aktiengesellschaft wünsche,

690 2060 1977 83 die Verhandlungen nicht mehr weiter-zu-führen. Es hat sich aller-

681 2163 1906 89 dings nachträglich herausgestellt, dass offenbar bei Ihnen ein

690 2267 1921 109 Missverstindnis entstanden ist, weil der Brief des Herrn Christ

683 2330 1904 145 gleichwieunsdn Brief vom 29. März datiert war. Dieses Missver-

692 2449 1967 93 ständnis offenbarte sich erst am 2.ot. anlässlich einer Besprech-

680 2561 1872 113 ung des Unterzeichneten mit Herrn Dr. Krasting. Wir erklarten

692 2679 1838 91 anlässlich dieser Besprechung erneut, dass wir zu einer Ver-

685 2767 1931 83 ständigung auf der Basis unseres Schreibens vom 29. März bereit

683 2862 1791 126 seien und erklaren hiermit, dass diese Bereitschaft gemäss

673 2970 1977 119 Beschluss unseres Vorstands vom 25. Ot. auch heute noch besteht.

1065 3075 1414 105 Die Basler Rheinschiffahrt Aktiengesellschaft
