2925 3605
667 400 324 147 Blatt III.

656 530 1883 146 sucht nun darzutun, sie sei über die Situation nicht genügend

669 665 1922 104 aufgeklart gewesen und habe in guten Treuen geglaubt mit unserm

654 732 1914 148 Herrn Vizepräsidenten Christ verhandeln zu müssen. Selbst wenn

662 841 1877 127 die Basler Rheinschiffahrt Aktiengesellschaft auf Grund eines

674 958 1850 119 Missverstandnisses dieses irrtümlichen Glaubens gewesen sein

671 1065 1959 120 sollte, darf doch auf die Tatsache hingewiesen werden, dass Herr

664 1139 1915 126 Christ, wie Herrn Groschupf bekannt war, sich im April und Mai

678 1251 1922 121 bis enfangs Juni fast ununterbrochen im Ausland befand und dass

682 1369 1903 101 es bei der persönlichen Bekanntschaft zwischen Herrn Groschupf

672 1444 2048 125 und dem Linksunterzeichneten für die Basler Rheinschiffahrt Aktien-

684 1571 1986 109 gesellschaft ein leichtes gewesen ware, durch eine blose telepho-

679 1641 1998 135 nische Anfrage sich genaue Aufklärung über die wirkliche Sachlage

671 1747 1947 126 zu verschaffen, wenn es ihr, wie sie in ihrem Brief vom 21. ot.

683 1844 1782 157 erklärt, so sehr daran lag, zu einem Abkommen zu gelangen.

1150 1957 1567 118 Die Besprechung vom 2. ct. war von uns nachgesucht

682 2044 1952 141 worden, weil wir Ihnen von unseren Planen über die Betriebsorga-

686 2141 1977 154 nisation während der Ausstellung Kenntnis geben und Sie zugleich

685 2246 1893 120 bitten wollten, der Basler Rheinschiffahrt Aktiengesellschaft

691 2374 2024 101 für den Fall, dass eine Betriebsgemeinschaft nicht zustande kommen

696 2464 1990 107 sollte, nahezulegen, den "Vogel Cryf" gemeinsam mit unsern Schif-

690 2549 1895 137 fen für Hafenfahrten zu verwenden und sich über die hiebei zu

706 2679 1915 102 erhebenden Taxen mit uns zu verständigen. Wie Sie wissen, haben

697 2769 1854 152 die Direktoren der Basler Rheinschiffahrt Aktiengesellschaft

688 2889 1927 102 diese unsere Anregung anlässlich der durch Ihre Vermittlung am

703 2978 1918 118 15. Juni stattgefundenen Konferenz rundweg abgelehnt.Ganz merk-

708 3083 1915 89 würdig berührt es uns, dass die Basler Rheinschiffahrt Aktienge-

704 3183 1879 102 sellschaft unsere Massnahmen betreffend Vergrösserung unseres

697 3269 1880 111 Schiffparkes einer Kritik unterziehen will. Die Basler Rhein-
