2925 3608
608 410 317 105 Blatt IV.

621 531 2008 105 schiffahrt Aktiengesellschaft hat hiezu umso weniger Veranlassung,

617 647 1914 97 als sie nie mit uns in Verbindung getreten ist, bevor sie sich

618 742 1284 124 zum Bau des "Vogel Gryf" entschlossen hat.

1032 842 1581 102 Wir nehmen davon Umgang, auf die ungerechtfertigten

628 933 2052 124 persönlichen Angriffe der Basler Rheinschiffahrt Aktiengesellschaft

624 1030 1876 124 einzutreten, können aber nicht tmhin, unserm Bedauern darüber

622 1130 1929 122 Ausdruck zu verleihen, dass nicht eine Betriebsgemeinschaft auf

620 1244 1825 100 der von uns am 29. Marz vorgeschlagenen Grundlage oder doch

631 1345 1921 109 Wenigstens eine Einigung in Bezug auf die Festsetzung der Fahr-

626 1433 1934 118 zeiten und der Taxen zustandegekommen ist. Sollte es Ihnen mög-

626 1533 1982 109 lich sein, noch in elfter Stunde zu einer annehmbaren Verständig-

625 1628 1916 137 ung Hand zu bieten, so stehen wir hiefür wie gesagt auch heute

623 1741 2002 103 noch zur Verfügung, wenn wir auch gestehen müssen, dass durch den

631 1838 1949 127 schroffen Ton der Basler Rheinschiffahrt Aktiengesellschaft der

641 1975 1533 96 Verkehr mit dieser letzteren erschwert worden ist.

1082 2043 1582 93 Zum Schlusse möchten wir nicht unterlassen, zu er-

636 2122 2038 131 klären, dass der von der Basler Rheinschiffahrt Aktiengesellschaft

634 2243 1954 110 konstruierte Antagonismus zwischen Herrn Vizepräsidenten Christ

632 2338 1832 114 und unserm Vorstand nicht besteht, sondern dass vielmehr im

631 2434 1571 131 Schosse unseres Vorstands volle Einigkeit herrscht.

1094 2542 1265 105 Mit dem Ausdruck vorzüglicher Hochachtung

1149 2640 1422 138 BASLER PERSONENSCHIFFAHRTSGESELLSCHAFT BASEL

643 2777 389 120 Abschrift an

902 2807 1800 124 Direktion der Basler Rheinschiffahrt Aktiengesellschaft und

2511 2917 231 94 Aktien-

884 2932 1622 106 Herrn 0. Ritter, Präsident der Basler Rheinschiffahrt

2125 2989 384 75 gesellschaft

890 3028 1197 124 Schiffahrtsamt des Kantons Basel-Stadt
