2926 3604
2064 665 450 144 14. Juli 1928

665 886 154 120 0/2.

1114 1116 645 144 An die Redaktion der

1128 1241 647 104 Basler Nachrichten".

1680 1573 807 144 2ublikums von 13. Juli in

1124 1611 325 97 Im Briefkat

670 1695 1817 97 No. 182 wiri gerigt, dass die "Rheinfalden" am 10. Juli bei

666 1784 1270 159 der Abandfches die Fahne nicht gehisst!

1130 1891 1370 128 Wir teilen Ihnen höflich mit, dass der Grund

668 1993 1824 120 hlerfür darin lag, dass an diesem Sæustag ausnahmsweise die

682 2104 1812 97 vorgesshriebene Kesklaterne das Schiffes mittels eines Pe-

664 2225 1826 76 troloumlichtes, statt durch eins elektrische Lampe beleuch-

666 2288 1859 134 tet worden ist und dass aus Gründen der Sicherheit die Fhhne

679 2423 1906 80 für die Abenäfahrt eingezogen worden ist. Normalerweise trigt

675 2506 1183 137 die "Rheinfelden" imrer Fahnenschmuck.

1159 2618 1424 112 1a übrigen wären wir Ihnen zu Dank verpflich-

682 2706 1894 90 tet, wann Sie derartige Kleinigkeiten uns zur direkten Erle-

685 2837 1819 82 digung überweisen wollten, statt damit in Ihrem geschätzten

686 2909 1298 140 Blatte für uns negative Reklame zu machen.

1889 3015 311 105 Hochaahtun

1699 3092 877 124 Basler Personenschiffahrtsgeselsch-)

1960 3173 385 98 Der Geschäftsföhrer:

2480 195 176 141 4
