2924 3605
2195 189 448 113 ABSCHRIFT

2430 297 213 123 A2

616 393 212 90 Basler

278 440 1076 117 Rheinschiffahrt-Aktiengesellschaft

1565 474 860 137 Basel, den 13. August 1926.

538 519 313 88 Marktgasse

854 519 62 83 5

1348 708 679 142 Herrn Dr. Max Vischer,

584 724 144 153 R/M

1472 808 404 60 Präsident der

1200 833 1206 104 Basler Personenschiffahrtsgesellschaft

1888 942 318 80 Basel

1307 1143 1307 99 Wir bestätigen Ihr Schreiben vom 9. August

628 1239 1978 109 betreffend Benützung der Landungsstege und teilen Ihnen mit, dass

632 1328 1913 109 wir es eigentlich nicht für nötig gehalten haben, dass Sie sich

623 1441 1861 115 nochmals mit dieser Sache beschäftigen, da uns Herr Oettinger

630 1531 1919 123 bereits unterm 29. Juli mitgeteilt hat, dass Sie uns sowohl die

629 1642 1947 93 Benützung der Einsteigebrücken auf der Schifflände, als auch die

628 1735 1945 106 Benützung sämtlicher Ihnen gehörenden Landungsstege strikte ver-

644 1859 2038 91 bieten. Sie sprechen von einem Gesuch, das wir an Sie gerichtet ha-

640 1935 1946 114 ben für die Benützung der Stege. Wir haben nie ein Gesuch an Sie

636 2059 2061 88 gerichtet, sondern wir haben Sie lediglich angefragt, unter welchen

641 2135 1885 127 Bedingungen Sie gegebenenfalls die Benützung der Landungsstege

642 2260 1902 81 gestatten.Es hat uns dabei in erster Linie interessiert zu er-

641 2341 2106 92 fahren, welchen Standpunkt Ihre Gesellschaft einnimmt, die nach ihren

649 2440 1869 116 Statuten u.a. den Zweck hat, Förderung der Personenschiffahrt

641 2531 1979 108 auf dem Oberrhein, sowie Ergreifung der hierzu erforderlichen und

634 2645 1853 103 nützlichen Massnahmen. Ausserdem steht Ihre Gesellschaft dem

641 2729 1835 119 Präsidenten des Vereins für die Schiffahrt auf dem Oberrhein

621 2823 2017 114 nahe, also dem Verein, der, wie wir berichtet sind, zur Förderung

637 2935 1269 120 der Schiffahrt auf dem Oberrhein besteht.

1112 3025 1498 107 Sie machen die Benützung Ihrer Landungsstege von

641 3151 1903 87 einer gegenseitigen Preiskonvention abhänhig und erklären Ihre
