2924 3605
1249 436 120 85 -3

583 535 1881 85 erfahren, die Rheinfelder Gemeinde gegen uns aufzustiften. Es

575 656 1914 86 reihen sich diese Versuche, uns das Geschäft zu verunmöglichen,

581 746 1891 87 würdig an die früheren, die Sie unternommen haben, nämlich das

575 844 1977 104 Monopol für die Basler Schifflände zu erhalten, und wie in unserm

576 940 1860 92 Schreiben an Ihren Herrn Geschäftsführer bereits erwahnt, die

576 1038 1948 110 Alleinbenützung des Telephons und des Wassers an der Schifflände

580 1150 421 81 zu erreichen.

973 1225 1571 104 Im übrigen hat unser Präsident erklärt, dass er die

580 1328 1982 116 ganze Angelegenheit nun selber in die Hand nehmen wolle, und dass

579 1432 1955 85 wir von uns aus nichts mehr darin unternehmen sollen. Wir bitten

588 1518 1992 115 Sie also, falls Sie uns noch weitere Mitteilungen zu machen haben,

582 1631 1899 90 diese direkt dem Präsidenten unserer Gesellschaft einzusenden.

1528 1738 372 111 Hochachtend

1602 1837 208 98 BASLER

1201 1957 1125 102 RHEINSCHIFFAHRT - AKTIENGESELLSCHAFT

1328 2038 963 118 sig. Groschopf J.A.Ritter.

554 2318 362 98 geht zurück

546 2406 320 127 14.VIII 26

536 2524 377 101 sig. Vischer
