2925 3607
1531 233 877 108 Basel, den 18. Februar 1928.

2483 219 171 170 14

694 286 195 87 Basler

261 335 998 121 Rheinschiffahrt-Aktiengesellschaft

619 437 344 80 Marktgasse 5

631 537 319 66 Postfach Basel I

537 581 500 59 Telephon: Safran 47. 90

545 637 494 54 Telegramme: Navibale

1360 631 620 114 An den Vorstand der

546 677 475 54 Postcheck - Konto V 3012

288 727 979 84 Bankverbindung: Schweizerischer Bankverein, Basel

1575 743 837 81 Basler Personenschiffahrts¬

764 783 129 96 U/I

1821 807 384 82 Gesellschaft

2240 851 344 145 Basel.

1368 1131 1230 90 In der Besprechung vom 14. Februar wurde

774 1257 1765 67 vereinbart, dass wir Ihnen Vorschläge für eine Vereinheit-

765 1352 1784 79 lichung des Betriebes des Personenschiffahrtsgeschäftes in

775 1436 1821 98 Basel machen würden. Nach eingehender Prüfung kommen wir zu

776 1559 1814 98 dem Schluss, Ihnen Vermietung des Schiffes "Rheinfelden" an

774 1636 568 109 uns vorzuschlagen.

1652 1741 71 89 I.

1479 1821 459 133 Heutige Lage.

1377 1950 1190 77 Im Jahre 1928 werden sich am Personen-

770 2034 975 88 schiffahrtsgeschäft beteiligen:

770 2136 1450 117 1. Boot "Rheinfelden", ca. 250 Plätze, 180 P.S.

770 2219 1452 111 2. Boot "Vogel Gryff", ca. 200 Plätze, 180 P.S.

764 2328 1445 127 3. Boot "Lällekönig", ca. 250 Plätze, 320 P.S.

1390 2422 1176 110 Diese drei Schiffe werden alle im Ver-

778 2517 1783 103 kehr Basel - Rheinfelden beschäftigt. An schönen Sonntagen

785 2616 1695 82 werden die Boote für eine Nachmittagsfahrt voll benützt

787 2719 1807 68 sein. Werktags wird selbst an schönen Tagen es kaum möglich

781 2810 1891 96 sein, genügend Einnahmen zu erhalten, mit Ausnahme von einzel-

782 2882 498 122 nen Ferientagen.

1384 2993 1253 98 Die Einnahme wird im Durchschnitt für die

774 3092 1780 99 Boote kaum die Betriebskosten decken. Sicher wird für Ver-

782 3203 1803 116 zinsung und Amortisation des Kapitals nur aus dem Personen-

2447 3293 123 102 ./.
