2925 3608
1533 311 53 90 2

779 410 1822 87 An den Vorstand der Basler Personenschiffahrts-Gesellschaft,

2343 478 268 100 18.2.28.

1474 480 323 114 Basel.

789 574 1834 76 schiffahrtsgeschäft, wenn es in der bisherigen Art und Weise

780 666 1853 99 betrieben wird, wenig oder nichts übrig bleiben. Tritt keine

781 754 1923 88 längere Schönwetterperiode ein, so wird sicher für Boot "Rhein-

775 870 1479 97 felden" sogar ein Betriebsverlust herausschauen.

1397 953 1314 89 Diese ungünstige Situation ist dadurch ent-

793 1072 1749 88 standen, dass wir im Interesse der Entwicklung der Kanal-

785 1159 1783 83 schiffahrt und der Basler Hafenanlagen gezwungen waren, im

785 1262 1809 90 Jahre 1926 das kombinierte Schlepp- und Personenboot "Vogel

797 1331 1865 87 Gryff" zu bauen. Der sich ausserordentlich rasch entwickelnde

778 1428 1863 99 Kanalverkehr, dem unsere Firma ganz besondere Aufmerksamkeit

799 1534 1906 80 schenkt (wir werden dieses Jahr 22 Motorkanalschiffe betreiben)

782 1642 1832 94 nötigt uns, neben "Vogel Gryff" ein zweites, stärkeres Boot

794 1729 1759 106 in Dienst zu stellen. Nur das Schleppgeschäft allein gibt

798 1833 1899 102 den beiden Booten nicht genügend Einnahmen. Wir sind gezwungen,

792 1936 1746 82 einen erheblichen Betrag im Personengeschäft einzunehmen.

789 2028 1829 73 Entsprechend den Erfahrungen, die wir bis jetzt im Personen-

794 2126 1838 105 geschäft gemacht haben, müssen wir diesen Betrag einzunehmen

788 2244 1967 90 versuchen dadurch, dass wir möglichst viele Leute durch niedrige,

788 2328 1807 85 unter Umständen sogar sehr niedrige Fahrpreise veranlassen,

799 2450 828 104 unsere Schiffe zu benützen.

1394 2550 1334 70 Ihre Gesellschaft leidet bedauerlicherweise

796 2638 1802 85 unter dieser Lage, die durch die Entwicklung der Rhein- und

787 2726 1895 114 Kanalschiffahrt entstanden ist. Sie haben sich unbestreitbaren

793 2835 1802 83 Verdienst erworben dadurch, dass Sie die Personenschiffahrt

795 2925 1892 90 auf dem baslerischen Rheingebiet wieder aufgenommen haben. Die

795 3022 1940 81 heutige Lage bietet aber nach unserm Dafürhalten für ein Schiff,

784 3121 1934 119 das nur Personenfahrten durchführen kann, und deshalb vollstän-

2651 3261 94 101 ./.
