2925 3607
1539 287 124 110 3 -

744 418 1826 99 An den Vorstand der Basler Personenschiffahrts-Gesellschaft,

2353 482 245 74 18.2.28.

1473 487 326 101 Basel.

748 568 1841 76 dig vom schönen Wetter während der guten Jahreszeit abhängig

750 684 957 88 ist, keine Existenzmöglichkeit.

1361 779 1161 93 Selbst wenn die drei Boote von uns be-

764 872 1827 88 trieben werden, so bedeutet dies für uns keinen wesentlichen

762 950 1683 106 Vorteil. Immer wird "Rheinfelden" das ungünstigste Boot

764 1052 1761 92 bleiben. Der Betrieb aller drei Boote durch uns schafft in

760 1141 1720 98 erster Linie für das Publikum bessere Verhältnisse. (Wir

760 1279 1789 67 dürfen ruhig sagen, erst vernünftige Verhältnisse). Er ver-

766 1366 1672 90 hindert vielleicht auch das Entstehen eines grossen Be-

759 1452 1189 84 triebsverlustes für Boot "Rheinfelden".

1546 1606 112 74 II.

1421 1691 317 126 Vorschlag.

1358 1774 1245 110 Wir schlagen Ihnen vor, das fahrtüchtige

755 1897 1803 70 und fahrbereit ausgerüstete Schiff "Rheinfelden" zu mieten

768 2023 1352 73 gegen eine feste Jahresmiete von Fr. 7500.-.

1365 2101 1219 86 Die Miete würde auf drei Jahre fest ab-

758 2210 406 112 geschlossen.

1365 2280 1308 94 Wir übernehmen sämtliche Betriebsausgaben,

761 2403 902 97 einschliesslich Versicherung.

1365 2489 1154 119 Wir übernehmen den normalen Unterhalt

769 2585 1882 113 des Schiffes, soweit er von der Besatzung durchgeführt werden

765 2705 177 117 kann.

1387 2801 1168 82 Grosse Unterhaltsarbeiten, die mit der

774 2882 1801 115 Konstruktion des Schiffes zusammenhängen, insbesondere auch

770 2984 1817 90 die periodisch notwendigen Revisionsarbeiten gehen zu Ihren

762 3084 242 103 Lasten.

1367 3179 1298 127 In Havariefällen hört für die Zeit, da das

2535 3279 119 93 ./.
