2925 3608
1556 286 104 90 4 -

758 380 1843 112 An den Vorstand der Basler Personenschiffahrts-Gesellschaft,

2281 457 275 111 18.2.28.

1501 463 305 98 Basel.

771 559 1786 113 Schiff ausser Dienst ist, die Mietzahlung auf, dagegen er-

769 652 1810 106 halten Sie die von der Versicherung vergütete Schadenssumme

782 742 580 119 von uns ausbezahlt.

1385 825 1283 147 Für den Fall, dass Sie das Schiff während-

762 945 1852 108 der Dauer des Mietvertrages verkaufen wollen, räumen Sie uns

786 1051 673 115 ein Vorkaufsrecht ein.

1386 1140 1168 121 Sie stellen uns die Ihrer Gesellschaft

782 1227 1780 113 gehörenden Landungsstege zur Verfügung. Wir übernehmen auf

793 1361 1816 96 unsere Rechnung den normalen Unterhalt und die Versicherung.

1394 1439 1175 90 Wir verpflichten uns, den Verkehr nach

773 1526 1768 110 Rheinfelden im bisherigen Umfang aufrecht zu erhalten und

778 1633 1854 109 zu entwickeln. Die Fahrpreise für Rheinfelden werden die von

787 1742 1468 116 uns bis jetzt aufgestellten nicht überschreiten.

1359 1845 1183 75 Wir glauben, dass dieser Vorschlag der

782 1948 1770 79 heutigen Lage Rechnung trägt. Für Sie ist er insofern ein-

788 2029 1841 87 fach und vorteilhaft, als Sie mit einem jährlichen Einnahme-

794 2150 1805 93 Betrag von Fr. 7500.- rechnen können, und über den Sie frei

795 2235 1746 104 zu verfügen in der Lage sind, da alle Betriebsausgaben zu

801 2360 1744 68 unsern Lasten gehen. Ausserordentliche Unterhaltsarbeiten

791 2433 1826 130 sollte das Boot, wenn es heute in gutem Zustand ist, in den

789 2530 1819 127 nächsten zwei bis drei Jahren nicht nötig haben. Wir müssen

788 2634 1899 111 uns natürlicherweise eine gemeinsame technische Expertise über

787 2736 1085 101 den Zustand des Bootes vorbehalten.

1367 2844 1299 103 Für die an der Schiffahrt nach Rheinfelden

788 2946 1871 87 interessierten Rheinfelder Kreise bedeutet die von uns vorge-

798 3054 1814 79 schlagene Lösung zweifellos einen grossen Vorteil, denn bei

789 3125 1789 98 den niedrigen Fahrpreisen dürfte ein vermehrter Besuch von

2405 3248 109 121 ./.
