2925 3606
1519 264 118 103 6 -

746 356 1834 111 An den Vorstand der Basler Personenschiffahrts-Gesellschaft,

2309 436 276 98 18.2.28.

1457 447 312 103 Basel.

753 512 1743 106 die "Rheinfelden", weil in der ganzen Schiffbau-Industrie

762 631 1805 107 des Rheingebietes die Preise seit einigen Jahren sehr stark

758 707 1746 134 gefallen sind. Bei einem neuen Boot können dann auch Ver-

758 820 1916 87 besserungen berücksichtigt werden, welche die Unterhaltskosten

763 933 666 66 wesentlich vermindern.

1375 1000 1170 116 Aus all diesen Gründen konnten wir uns

770 1098 1760 112 nicht entschliessen, einen Kaufspreis anzubieten, der die

760 1208 1841 132 Erstellungskosten, abzüglich normale Abschreibung zur Grund-

773 1307 1806 100 lage gehabt hätte. Von einer Kaufsofferte auf Grundlage des

764 1409 1831 104 tatsächlichen Verkehrswertes des Bootes haben wir abgesehen,

763 1517 1821 105 da Sie wohl kaum auf die Offerte eingetreten wären. Sollten

763 1622 1972 91 Sie aber grundsätzlich einen Verkauf des Bootes einer Vermietung

770 1718 1975 95 vorziehen, so sind wir gerne bereit, auch hierüber zu verhandeln,

767 1807 1906 112 nur möchten wir Sie dann bitten, Ihrerseits einen Vorschlag zu

766 1932 227 86 machen.

1354 2014 1270 95 Ihre Delegierten haben in der Besprechung

771 2122 1896 79 den Wunsch ausgesprochen, die ganze Angelegenheit möchte rasch

783 2210 1758 87 bearbeitet werden. Dementsprechend können wir Ihnen heute

774 2316 1819 83 schon, und nicht erst, wie wir zugesagt haben, für nächsten

770 2404 1843 89 Mittwoch unsere endgültigen Vorschläge unterbreiten. Da Herr

778 2519 1889 86 Ritter beabsichtigt, seinen Urlaubanzutreten, wären wir Ihnen

784 2598 1877 121 dankbar, wenn Sie Ihre Dispositionen so treffen könnten, dass

782 2702 1884 95 die Verhandlungen noch im Verlauf der nächsten Woche zu einem

786 2808 1372 84 endgültigen Abschluss gebracht werden können.

1383 2906 1333 78 Ihren gefl. Nachrichten sehen wir entgegen.

1924 2999 356 86 Hochachtend

2055 3071 198 56 BASLE

1750 3100 885 124 CHIFFAERTUXTINI GESELLSCHAFT

2094 3177 415 149 We
