2926 3608
1504 281 65 124 2

749 400 1815 117 Basler Personenschiffahrtsgesellschaft, B asel. 1.3.28.

771 509 1790 80 derart raschem Wechsel unterworfen, dass in einer Betriebs-

774 608 1660 113 gemeinschaft, die nicht in der Vermietung des Schiffes

772 727 1849 90 "Rheinfelden" besteht, Meinungsverschiedenheiten, zeitrauben-

760 791 1780 106 de Verhandlungen und Abrechnungen unausbleiblich sind. Wir

765 917 1710 60 dürfen vielleicht darauf aufmerksam machen, dass für den

771 1009 1823 89 Gütertransport Betriebsgemeinschaften in der Rheinschiffahrt

772 1114 1810 66 sozusagen unbekannt sind, dagegen die Form der Schiffsmiete

770 1212 1735 65 eigentlich eine Grundlage für das ganze Frachtengeschäft

767 1277 828 121 in der Rheinschiffahrt ist.

1376 1385 1234 88 Wir bitten Sie deshalb, die von uns vor-

780 1463 1796 108 geschlagene Vermietung des Schiffes "Rheinfelden" an uns zu

767 1603 352 87 überprüfen.

1383 1672 1170 126 Sollten Sie grundsätzlich nicht darauf

779 1783 1731 108 eintreten wollen, so bitten wir Sie, uns einen Vorschlag

786 1886 1781 91 für eine Betriebsgemeinschaft, die den Verhältnissen Rech-

774 1998 1721 89 nung trägt, auszuarbeiten. Wir selbst sind hierzu leider

770 2111 579 113 nicht in der Lage.

1395 2187 1301 124 Ihren gefl. Nachrichten sehen wir entgegen.

1954 2300 367 80 Hochachtend

2066 2376 189 60 BASIER

1600 2378 1047 116 RHEISCHIFFAHRT-AKTIENGESELLSCHAFT

1688 2475 667 202 Bleolg
