2925 3607
2390 178 179 166 19

675 255 212 98 Basler

1476 256 792 130 Basel, den 22. März 1928.

283 333 968 90 Rheinschiffahrt-Aktiengesellschaft

609 415 334 87 Marktgasse 5

615 480 324 98 Posttach Basel 1

536 562 480 51 Telephon: Safran 47. 90

525 601 496 57 Telegramme: Navibale

535 652 475 64 Postcheck - Konto V 3012

1340 615 618 98 An den Vorstand der

297 700 948 75 Bankverbindung: Schweizerischer Bankverein, Basel

1551 725 1189 99 Basler Personenschiffahrtsgesellschaft,

2016 812 357 127 Basel.

703 828 138 111 G/M

1315 1116 1240 100 In der heutigen Besprechung zwischen den

752 1238 1746 79 Unterzeichneten und Ihrer Delegation, bestehend aus Herrn

747 1323 1692 113 Dr. Vischer, Präsident, Herrn Christ, Vicepräsident und

745 1429 1883 89 Herrn Oettinger konnte über die Höhe der Miete keine Einigung

753 1531 466 102 erzielt werden.

1292 1593 1270 136 In Anbetracht der Lage Ihrer Gesellschaft

742 1721 1771 98 mussten Sie eine Miete von Fr. 15.000.- fordern. Die Lage

747 1850 1885 92 Ihrer Gesellschaft erlaubte nicht, eine wesentliche Reduktion

750 1928 1137 103 auf dieser Miete eintreten zu lassen.

1304 2035 1215 96 Wir konnten für unsere Gesellschaft eine

753 2129 1683 128 Miete von Fr. 15.000.- unmöglich zugestehen, denn diese

759 2234 1825 102 Summe belastet unser Personenschiffahrtsgeschäft nach Rhein-

760 2338 1860 103 felden viel zu stark. Sie entspricht nach unsern Berechnungen

753 2441 1869 76 Verzinsung und Amortisation eines neuen kombinierten Schlepp-

760 2527 1771 91 und Personenbootes. Da die "Rheinfelden" nur ein Personen-

758 2634 1816 82 boot und doch immerhin schon drei Jahre alt ist, können wir

756 2735 1622 89 die geforderte Miete für dieses Schiff nicht anlegen.

1330 2830 1231 115 Nach eingehenden Besprechungen haben wir

768 2938 1836 114 Ihnen den Kauf des Schiffes "Rheinfelden" in seinem jetzigen

759 3046 1838 79 Zustand, mit allen Zubehör- und Reserveteilen, sowie mit den

753 3137 1809 97 Landungsstegen Breite (ausschliesslich Ponton) und Waldhaus

2447 3255 120 93 ./.
