2924 3606
1551 286 107 74 2 -

722 383 1790 91 An den Vorstand der Basler Personenschiffahrtsgesellschaft

2376 420 238 131 22.3.28.

1424 449 317 96 B asel.

738 537 1812 104 zum Preise von Fr. 100.000.- angeboten. Wir würden die auf

744 645 1913 91 dem Schiff "Rheinfelden" haftende Hypothek und die Bankschulden

741 734 1790 90 Ihrer Gesellschaft übernehmen, sodass Sie von uns eine Bar-

742 838 1797 77 zahlung von Fr. 25.000.- erhalten würden. Dieser Betrag mit

741 920 1812 88 dem Erlös des Ihnen verbleibenden Schiffes "Albatros" würde

743 1016 1885 107 Ihnen gestatten, eine namhafte Rückzahlung auf Ihren Genossen-

753 1134 797 103 schaftsanteilen zu machen.

1327 1231 1265 97 Wir sind bereit, einem von Ihrem Vorstand

750 1333 1835 103 bezeichneten Rheinfelder Vertragskontrahenten vertraglich zu

759 1438 1770 84 garantieren, während mindestens fünf Jahren die Schiffahrt

756 1549 1740 94 nach Rheinfelden in mindestens dem Umfang aufrecht zu er-

761 1648 1827 83 halten, wie ihn Ihre Gesellschaft im Jahre 1927 aufrecht er-

758 1728 1710 118 halten hat. Diese Garantie soll lediglich eine Sicherung

756 1843 1812 77 der Interessen Rheinfeldens sein. Tatsächlich werden wir ja

754 1927 1713 98 statt nur mit Boot "Rheinfelden" den Schiffsverkehr nach

748 2023 1954 101 Rheinfelden mit mehreren Schiffen pflegen. Bei guten Witterungs-

757 2134 1738 90 verhältnissen haben wir die Absicht und sind in der Lage,

761 2228 1742 104 drei Schiffe nach Rheinfelden fahren zu lassen. Wir beab-

762 2328 1939 83 sichtigen auch, die Preise endgültig auf den Betrag von Fr. 2.-

749 2411 1827 136 Basel - Rheinfelden und zurück festzusetzen. Die Interessen

756 2528 1770 114 Rheinfeldens würden jedenfalls dadurch, dass der Personen-

756 2629 2003 97 schiffahrtsbetrieb ganz in unsere Hand übergeht, in weitgehendsten

750 2727 1811 94 Masse gewahrt. Rheinfelden würde eine bessere und billigere

762 2827 1133 104 Schiffsverbindung mit Basel bekommen.

1310 2930 1381 119 Wir sind bereit, jedem Ihrer Genossenschafter

761 3041 1843 107 eine Berechtigungskarte mit fünfjähriger Gültigkeitsdauer zu

746 3137 1801 74 geben. Diese Berechtigungskarte gibt dem Inhaber das Recht

2384 3261 103 107 /.
