<?xml version="1.0" encoding="UTF-8"?>
<alto xmlns:xsi="http://www.w3.org/2001/XMLSchema-instance"
      xmlns="http://www.loc.gov/standards/alto/ns-v4#"
      xmlns:page="http://schema.primaresearch.org/PAGE/gts/pagecontent/2013-07-15"
      xsi:schemaLocation="http://www.loc.gov/standards/alto/ns-v4# https://www.loc.gov/standards/alto/v4/alto.xsd">
   <Description>
      <MeasurementUnit>pixel</MeasurementUnit>
      <OCRProcessing ID="IdOcr">
         <ocrProcessingStep>
            <processingDateTime>2022-02-15T15:27:27.073+01:00</processingDateTime>
            <processingSoftware>
               <softwareCreator>READ COOP</softwareCreator>
               <softwareName>Transkribus</softwareName>
            </processingSoftware>
         </ocrProcessingStep>
      </OCRProcessing>
   </Description>
   <Layout>
      <Page ID="Page1" PHYSICAL_IMG_NR="1" HEIGHT="3608" WIDTH="2926">
         <TopMargin HEIGHT="0" WIDTH="2926" VPOS="0" HPOS="0"/>
         <LeftMargin HEIGHT="3608" WIDTH="0" VPOS="0" HPOS="0"/>
         <RightMargin HEIGHT="3608" WIDTH="0" VPOS="0" HPOS="2926"/>
         <BottomMargin HEIGHT="0" WIDTH="2926" VPOS="3608" HPOS="0"/>
         <PrintSpace HEIGHT="3608" WIDTH="2926" VPOS="0" HPOS="0">
            <TextBlock ID="r1" HEIGHT="2034" WIDTH="2248" VPOS="880" HPOS="479">
               <Shape>
                  <Polygon POINTS="479,880 479,2914 2727,2914 2727,880"/>
               </Shape>
               <TextLine ID="r1l1"
                         BASELINE="489,927 594,927 699,927 804,927 910,927 1015,927 1120,927 1226,927 1331,927 1436,927 1542,927 1647,927 1752,927 1857,927 1963,927 2068,927 2173,927 2279,927 2384,927 2489,927 2595,927"
                         HEIGHT="171"
                         WIDTH="2132"
                         VPOS="814"
                         HPOS="476">
                  <String ID="string_r1l1"
                          HEIGHT="171"
                          WIDTH="2132"
                          VPOS="814"
                          HPOS="476"
                          CONTENT="2.) Wir möchten noch die Anregung machen, die Vergünstigung zum Bezug"/>
               </TextLine>
               <TextLine ID="r1l2"
                         BASELINE="605,1026 705,1028 805,1028 905,1028 1006,1028 1106,1028 1206,1029 1306,1029 1407,1029 1507,1029 1607,1029 1707,1028 1808,1028 1908,1028 2008,1028 2108,1028 2209,1028 2309,1028 2409,1028 2509,1028 2610,1028"
                         HEIGHT="98"
                         WIDTH="2034"
                         VPOS="954"
                         HPOS="591">
                  <String ID="string_r1l2"
                          HEIGHT="98"
                          WIDTH="2034"
                          VPOS="954"
                          HPOS="591"
                          CONTENT="von 5 ermässigten Billets jährlich pro Anteilschein, statt pro Ge-"/>
               </TextLine>
               <TextLine ID="r1l3"
                         BASELINE="602,1127 698,1127 794,1127 891,1127 987,1127 1084,1127 1180,1127 1277,1127 1373,1127 1470,1127 1566,1127 1662,1127 1759,1127 1855,1127 1952,1127 2048,1127 2145,1125 2241,1125 2338,1125 2434,1125 2531,1125"
                         HEIGHT="110"
                         WIDTH="1956"
                         VPOS="1069"
                         HPOS="589">
                  <String ID="string_r1l3"
                          HEIGHT="110"
                          WIDTH="1956"
                          VPOS="1069"
                          HPOS="589"
                          CONTENT="nossennschafter zu gewähren. Erwiezenermassenbilden die Inhaber"/>
               </TextLine>
               <TextLine ID="r1l4"
                         BASELINE="605,1230 708,1230 811,1230 914,1230 1018,1230 1121,1230 1224,1232 1327,1232 1431,1232 1534,1232 1637,1232 1740,1232 1844,1232 1947,1232 2050,1232 2153,1232 2257,1232 2360,1232 2463,1232 2566,1232 2670,1232"
                         HEIGHT="126"
                         WIDTH="2093"
                         VPOS="1148"
                         HPOS="592">
                  <String ID="string_r1l4"
                          HEIGHT="126"
                          WIDTH="2093"
                          VPOS="1148"
                          HPOS="592"
                          CONTENT="solcher Rabattcoupons die besten Aequisiteure für andere vollzahlen-"/>
               </TextLine>
               <TextLine ID="r1l5"
                         BASELINE="600,1329 626,1331 652,1332 678,1333 704,1334 730,1334 756,1334 782,1334 808,1335 835,1335 861,1334 887,1334 913,1334 939,1334 965,1334 991,1334 1017,1334 1044,1334"
                         HEIGHT="119"
                         WIDTH="473"
                         VPOS="1265"
                         HPOS="586">
                  <String ID="string_r1l5"
                          HEIGHT="119"
                          WIDTH="473"
                          VPOS="1265"
                          HPOS="586"
                          CONTENT="de Passagiere."/>
               </TextLine>
               <TextLine ID="r1l6"
                         BASELINE="489,1440 600,1438 712,1437 824,1436 936,1434 1048,1434 1160,1434 1272,1434 1384,1434 1496,1434 1608,1434 1719,1434 1831,1434 1943,1434 2055,1434 2167,1435 2279,1436 2391,1436 2503,1435 2615,1434 2727,1434"
                         HEIGHT="115"
                         WIDTH="2267"
                         VPOS="1354"
                         HPOS="474">
                  <String ID="string_r1l6"
                          HEIGHT="115"
                          WIDTH="2267"
                          VPOS="1354"
                          HPOS="474"
                          CONTENT="3.) Wir haben mit Genugtuung davon Kenntnis genommen, dass Sie die &#34;Rhein-"/>
               </TextLine>
               <TextLine ID="r1l7"
                         BASELINE="602,1538 702,1536 803,1536 904,1536 1005,1536 1106,1536 1206,1536 1307,1536 1408,1536 1509,1536 1610,1536 1710,1536 1811,1538 1912,1538 2013,1538 2114,1538 2214,1538 2315,1536 2416,1536 2517,1535 2618,1535"
                         HEIGHT="106"
                         WIDTH="2046"
                         VPOS="1470"
                         HPOS="587">
                  <String ID="string_r1l7"
                          HEIGHT="106"
                          WIDTH="2046"
                          VPOS="1470"
                          HPOS="587"
                          CONTENT="felden&#34; unserer Gesellschaft jeveilen im Anschluss en die General-"/>
               </TextLine>
               <TextLine ID="r1l8"
                         BASELINE="605,1638 710,1638 815,1640 920,1640 1025,1640 1131,1640 1236,1640 1341,1640 1446,1641 1551,1641 1657,1641 1762,1640 1867,1640 1972,1640 2077,1640 2183,1640 2288,1640 2393,1640 2498,1641 2603,1641 2709,1641"
                         HEIGHT="118"
                         WIDTH="2130"
                         VPOS="1569"
                         HPOS="592">
                  <String ID="string_r1l8"
                          HEIGHT="118"
                          WIDTH="2130"
                          VPOS="1569"
                          HPOS="592"
                          CONTENT="versammlungen unter vorheriger Verständigung mit Ihnen für eine Frei-"/>
               </TextLine>
               <TextLine ID="r1l9"
                         BASELINE="608,1739 710,1739 813,1739 916,1740 1019,1740 1122,1740 1224,1740 1327,1740 1430,1742 1533,1742 1636,1742 1738,1742 1841,1742 1944,1742 2047,1742 2150,1742 2252,1742 2355,1740 2458,1740 2561,1740 2664,1739"
                         HEIGHT="100"
                         WIDTH="2082"
                         VPOS="1664"
                         HPOS="595">
                  <String ID="string_r1l9"
                          HEIGHT="100"
                          WIDTH="2082"
                          VPOS="1664"
                          HPOS="595"
                          CONTENT="fahrt Basel-Kheinfelden zur Verfügung stellen. Diese Entgegenkommen"/>
               </TextLine>
               <TextLine ID="r1l10"
                         BASELINE="615,1838 717,1841 819,1841 921,1842 1024,1844 1126,1844 1228,1844 1330,1844 1433,1844 1535,1844 1637,1844 1739,1844 1842,1844 1944,1844 2046,1844 2148,1844 2251,1844 2353,1844 2455,1844 2557,1844 2660,1845"
                         HEIGHT="134"
                         WIDTH="2071"
                         VPOS="1770"
                         HPOS="602">
                  <String ID="string_r1l10"
                          HEIGHT="134"
                          WIDTH="2071"
                          VPOS="1770"
                          HPOS="602"
                          CONTENT="wird zweifelles der diesjährigen Generalversarmlung der Verkauf des"/>
               </TextLine>
               <TextLine ID="r1l11"
                         BASELINE="608,1943 640,1943 673,1943 705,1943 738,1944 771,1944 803,1944 836,1944 868,1944 901,1944 934,1944 966,1944 999,1944 1031,1944 1064,1944 1097,1946 1129,1946 1162,1946 1194,1946 1227,1947 1260,1949"
                         HEIGHT="118"
                         WIDTH="680"
                         VPOS="1877"
                         HPOS="593">
                  <String ID="string_r1l11"
                          HEIGHT="118"
                          WIDTH="680"
                          VPOS="1877"
                          HPOS="593"
                          CONTENT="Schiffes erleichtern."/>
               </TextLine>
               <TextLine ID="r1l12"
                         BASELINE="482,2048 593,2048 704,2048 816,2048 927,2048 1038,2048 1150,2048 1261,2048 1372,2046 1484,2048 1595,2048 1706,2048 1818,2048 1929,2048 2040,2048 2152,2048 2263,2049 2374,2049 2486,2049 2597,2051 2709,2051"
                         HEIGHT="123"
                         WIDTH="2256"
                         VPOS="1962"
                         HPOS="468">
                  <String ID="string_r1l12"
                          HEIGHT="123"
                          WIDTH="2256"
                          VPOS="1962"
                          HPOS="468"
                          CONTENT="4.) Sie räumen unserer Gesellschaft für den Fall einer Wiederveräusserung"/>
               </TextLine>
               <TextLine ID="r1l13"
                         BASELINE="600,2147 674,2147 749,2147 824,2147 899,2147 974,2148 1049,2148 1123,2148 1198,2148 1273,2148 1348,2148 1423,2148 1498,2148 1573,2150 1647,2150 1722,2150 1797,2150 1872,2151 1947,2151 2022,2151 2097,2151"
                         HEIGHT="123"
                         WIDTH="1526"
                         VPOS="2086"
                         HPOS="586">
                  <String ID="string_r1l13"
                          HEIGHT="123"
                          WIDTH="1526"
                          VPOS="2086"
                          HPOS="586"
                          CONTENT="des Schiffes &#34;Rheinfelden&#34; das Verkaufsrecht ein."/>
               </TextLine>
               <TextLine ID="r1l14"
                         BASELINE="791,2247 883,2249 975,2250 1067,2250 1159,2252 1251,2252 1343,2252 1435,2252 1527,2252 1619,2252 1712,2252 1804,2252 1896,2250 1988,2250 2080,2250 2172,2250 2264,2250 2356,2250 2448,2250 2540,2250 2633,2250"
                         HEIGHT="112"
                         WIDTH="1872"
                         VPOS="2182"
                         HPOS="776">
                  <String ID="string_r1l14"
                          HEIGHT="112"
                          WIDTH="1872"
                          VPOS="2182"
                          HPOS="776"
                          CONTENT="Unter der Veraussetzung, dass Sie vorstehende Modifikationen"/>
               </TextLine>
               <TextLine ID="r1l15"
                         BASELINE="495,2355 603,2354 711,2354 819,2352 927,2352 1035,2352 1143,2352 1252,2352 1360,2352 1468,2352 1576,2352 1684,2352 1792,2352 1900,2352 2009,2354 2117,2354 2225,2354 2333,2354 2441,2354 2549,2354 2658,2354"
                         HEIGHT="127"
                         WIDTH="2192"
                         VPOS="2263"
                         HPOS="480">
                  <String ID="string_r1l15"
                          HEIGHT="127"
                          WIDTH="2192"
                          VPOS="2263"
                          HPOS="480"
                          CONTENT="annehmen, werden wir die Generalversammlung auf Dienstag 10. April ein-"/>
               </TextLine>
               <TextLine ID="r1l16"
                         BASELINE="483,2450 594,2451 705,2451 817,2451 928,2451 1040,2451 1151,2451 1263,2451 1374,2450 1486,2450 1597,2450 1708,2450 1820,2450 1931,2451 2043,2451 2154,2451 2266,2453 2377,2453 2489,2454 2600,2456 2712,2457"
                         HEIGHT="101"
                         WIDTH="2258"
                         VPOS="2392"
                         HPOS="469">
                  <String ID="string_r1l16"
                          HEIGHT="101"
                          WIDTH="2258"
                          VPOS="2392"
                          HPOS="469"
                          CONTENT="berufen zwecks Unterbreitung des Verkaufs. Da die Einberufung auf 14 Tage"/>
               </TextLine>
               <TextLine ID="r1l17"
                         BASELINE="482,2553 574,2553 667,2553 760,2553 853,2553 945,2553 1038,2553 1131,2553 1224,2553 1316,2555 1409,2555 1502,2555 1595,2555 1687,2555 1780,2555 1873,2555 1966,2555 2058,2556 2151,2556 2244,2556 2337,2556"
                         HEIGHT="132"
                         WIDTH="1883"
                         VPOS="2473"
                         HPOS="468">
                  <String ID="string_r1l17"
                          HEIGHT="132"
                          WIDTH="1883"
                          VPOS="2473"
                          HPOS="468"
                          CONTENT="erfolgen muss, bitten wir um sofortige Beantwortung."/>
               </TextLine>
               <TextLine ID="r1l18"
                         BASELINE="788,2654 875,2655 962,2655 1049,2655 1136,2657 1223,2657 1310,2657 1397,2657 1484,2657 1571,2657 1658,2657 1745,2657 1832,2657 1919,2657 2006,2657 2093,2657 2180,2657 2267,2657 2354,2657 2441,2658 2528,2658"
                         HEIGHT="109"
                         WIDTH="1768"
                         VPOS="2581"
                         HPOS="775">
                  <String ID="string_r1l18"
                          HEIGHT="109"
                          WIDTH="1768"
                          VPOS="2581"
                          HPOS="775"
                          CONTENT="Genehmigen Sie, sehr geehrte Herren, den Ausdruck unserer"/>
               </TextLine>
               <TextLine ID="r1l19"
                         BASELINE="479,2760 517,2760 555,2762 593,2762 631,2762 669,2762 707,2762 745,2762 783,2762 821,2760 860,2760 898,2760 936,2759 974,2759 1012,2759 1050,2759 1088,2759 1126,2760 1164,2761 1202,2762 1241,2763"
                         HEIGHT="123"
                         WIDTH="792"
                         VPOS="2688"
                         HPOS="464">
                  <String ID="string_r1l19"
                          HEIGHT="123"
                          WIDTH="792"
                          VPOS="2688"
                          HPOS="464"
                          CONTENT="vorzüglichen Hochachtung:"/>
               </TextLine>
               <TextLine ID="r1l20"
                         BASELINE="1514,2843 1557,2843 1601,2841 1645,2841 1689,2841 1733,2841 1776,2841 1820,2841 1864,2841 1908,2843 1952,2843 1995,2844 2039,2844 2083,2846 2127,2847 2171,2847 2214,2848 2258,2849 2302,2849 2346,2850 2390,2850"
                         HEIGHT="123"
                         WIDTH="905"
                         VPOS="2751"
                         HPOS="1501">
                  <String ID="string_r1l20"
                          HEIGHT="123"
                          WIDTH="905"
                          VPOS="2751"
                          HPOS="1501"
                          CONTENT="Basler Personenschiffahrtsgeselischaft"/>
               </TextLine>
               <TextLine ID="r1l21"
                         BASELINE="1773,2897 1798,2897 1823,2897 1848,2897 1873,2897 1898,2897 1923,2898 1948,2898 1974,2900 1999,2900 2024,2900 2049,2901 2074,2901 2099,2901 2124,2901 2150,2900"
                         HEIGHT="120"
                         WIDTH="407"
                         VPOS="2847"
                         HPOS="1757">
                  <String ID="string_r1l21"
                          HEIGHT="120"
                          WIDTH="407"
                          VPOS="2847"
                          HPOS="1757"
                          CONTENT="Der Geschäftsführer:"/>
               </TextLine>
            </TextBlock>
         </PrintSpace>
      </Page>
   </Layout>
</alto>
