2924 3607
1443 218 803 143 Basel, den 2. April 1928.

412 400 1828 110 Zur Kenntnisnahme an BASLER PERSONENSCHIFFAHRTSGESELLSCHAFT

1418 620 766 130 Kur- und Verkehrsverein,

1988 727 724 125 Rheinfelden.

652 708 140 152 c/u

706 1062 1170 132 Botrifft Schiffahrt Basel-Rheinfelden.

1304 1177 1397 116 Wie Sie wahrscheinlich schon vernommen haben,

714 1276 1782 111 soll in der Durchführung der Schiffahrt zwischen Basel und

715 1366 1837 133 Rheinfelden dieses Jahr eine Aenderung eintreten. Um die un-

704 1483 1805 114 liebsamen, nach unserer Ansicht sogar unhaltbaren Zustände,

713 1573 1694 116 welche durch die Konkurrenz der beiden nach Rheinfelden

711 1671 1918 96 fahrenden Unternehmen hervorgerufen worden sind, zu beseitigen

707 1765 1990 120 heben wir uns entschlossen, der Basler Personenschiffahrtsgesell-

723 1889 1899 96 schaft eine Kaufofferte für das Schiff "Rheinfelden" zu unter-

703 1993 2000 113 breiten. Wir glauben, dass wir in unserm Preisangebot sehr gross-

716 2087 1909 106 zügig gewesen sind. Die Uebernahme des Schiffes zu dem von uns

713 2178 1832 120 angebotenen Preis bedeutet für uns Uebernahme eines Risikos,

692 2282 1225 104 das unter Umständen ziemlich gross ist.

1292 2386 1387 119 Wir haben uns aber entschlossen, dieses Risi-

714 2471 1845 117 ko auf uns zu nehmen, im Interesse einer gesunden Weiterent-

704 2567 1929 120 wicklung der Personenschiffahrt zwischen Basel und Rheinfelden.

1313 2675 1291 113 Wir haben uns dem Vorstand der Basler Per-

697 2773 1970 107 sonenschiffahrtsgesellschaft gegenüber bereit erklärt, eine Ver-

707 2881 1795 120 pflichtung auf uns zu nehmen für die Aufrechterhaltung der

706 2985 1965 114 Schiffahrt zwischen Basel und Rheinfelden. Wir haben vereinbart,

699 3090 1982 97 dass wir diese Verpflichtung Ihnen gegenüber als der Vertreterin

708 3185 1968 86 der Interessen der Stadt Rheinfelden in der Personenschiffahrts-

2277 3294 134 95 ./.
