2925 3606
2447 206 168 120 2

698 264 215 96 Basler

1543 277 783 144 Basel, den 3. April 1928.

293 357 985 74 Rheinschiffahrt-Aktiengesellschaft

636 420 318 78 Marktgasse 5

624 527 327 57 Postfach Basel I

537 564 493 62 Telephon: Safran 47.90

548 618 479 47 Telegramme: Navibale

1364 601 1212 88 Basler Personenschiffahrtsgesellschaft,

537 663 489 55 Postcheck- Konto V 3012

300 707 968 71 Bankverbindung: Schweizerischer Bankverein, Basel

1769 670 357 165 Basel.

770 845 125 129 R/M

766 1034 830 90 Betrifft Kauf "Rheinfelden"

764 1109 824 112 Ihr Schreiben vom 24. März.

1403 1172 1208 146 Wir sind im Besitze Ihrer Zuschrift vom

758 1314 1766 91 24. März, deren Beantwortung sich dadurch etwas verzögert

767 1397 1723 101 hat, dass zuerst noch die Abklärung einiger Einzelheiten

763 1499 1324 127 mit Herrn Oettinger zusammen notwendig war.

1408 1600 1175 81 Wir erlauben uns, zu den von Ihnen an-

763 1705 1464 122 geführten Punkten folgende Vorschläge zu machen.

1402 1804 1132 73 1. Wir sind damit einverstanden, den

776 1878 1742 112 Ihnen anfangs angebotenen Kaufpreis von Fr. 100.000.- auf

760 1997 1922 115 Fr. 105.864.65 zu erhöhen, um Ihnen die Ausschüttung von 20 %

771 2092 1398 102 auf das Genossenschaftskapital zu ermöglichen.

1382 2193 1056 97 2. Wir sind bereit, für zwei Jahre

762 2289 1772 82 die Vergünstigung einzuräumen zum Bezug eines Freibillets

757 2420 1919 73 pro Anteilschein und Jahr für eine Fahrt von Basel nach Rhein-

773 2491 1061 126 felden und zurück an einem Werktag.

1371 2591 1269 114 3. Wir sind bereit, Ihnen das Boot"Rhein-

772 2695 1749 111 felden", sofern Ihre Gesellschaft weiter bestehen bleiben

774 2810 1834 76 soll, für eine Freifahrt im Anschluss an die Generalversamm-

770 2896 1822 98 lung von Basel nach Rheinfelden und zurück zur Verfügung zu

765 3006 276 92 stellen.

1402 3114 1184 87 4. Wir räumen Ihnen für den Fall einer

2410 3223 118 127 ./.
