<?xml version="1.0" encoding="UTF-8"?>
<alto xmlns:xsi="http://www.w3.org/2001/XMLSchema-instance"
      xmlns="http://www.loc.gov/standards/alto/ns-v4#"
      xmlns:page="http://schema.primaresearch.org/PAGE/gts/pagecontent/2013-07-15"
      xsi:schemaLocation="http://www.loc.gov/standards/alto/ns-v4# https://www.loc.gov/standards/alto/v4/alto.xsd">
   <Description>
      <MeasurementUnit>pixel</MeasurementUnit>
      <OCRProcessing ID="IdOcr">
         <ocrProcessingStep>
            <processingDateTime>2022-02-15T15:27:29.399+01:00</processingDateTime>
            <processingSoftware>
               <softwareCreator>READ COOP</softwareCreator>
               <softwareName>Transkribus</softwareName>
            </processingSoftware>
         </ocrProcessingStep>
      </OCRProcessing>
   </Description>
   <Layout>
      <Page ID="Page1" PHYSICAL_IMG_NR="1" HEIGHT="3609" WIDTH="2925">
         <TopMargin HEIGHT="0" WIDTH="2925" VPOS="0" HPOS="0"/>
         <LeftMargin HEIGHT="3609" WIDTH="0" VPOS="0" HPOS="0"/>
         <RightMargin HEIGHT="3609" WIDTH="0" VPOS="0" HPOS="2925"/>
         <BottomMargin HEIGHT="0" WIDTH="2925" VPOS="3609" HPOS="0"/>
         <PrintSpace HEIGHT="3609" WIDTH="2925" VPOS="0" HPOS="0">
            <TextBlock ID="r1" HEIGHT="2721" WIDTH="2130" VPOS="306" HPOS="614">
               <Shape>
                  <Polygon POINTS="614,306 614,3027 2744,3027 2744,306"/>
               </Shape>
               <TextLine ID="r1l1"
                         BASELINE="2463,356 2490,359 2518,360 2545,362 2573,363 2601,362"
                         HEIGHT="129"
                         WIDTH="169"
                         VPOS="265"
                         HPOS="2449">
                  <String ID="string_r1l1"
                          HEIGHT="129"
                          WIDTH="169"
                          VPOS="265"
                          HPOS="2449"
                          CONTENT="21"/>
               </TextLine>
               <TextLine ID="r1l2"
                         BASELINE="1479,669 1524,671 1569,671 1614,672 1659,672 1704,672 1749,671 1794,671 1839,669 1884,669 1929,668 1974,666 2019,666 2064,665 2109,663 2154,662 2199,662 2244,660 2289,660 2334,660 2379,660"
                         HEIGHT="125"
                         WIDTH="928"
                         VPOS="571"
                         HPOS="1466">
                  <String ID="string_r1l2"
                          HEIGHT="125"
                          WIDTH="928"
                          VPOS="571"
                          HPOS="1466"
                          CONTENT="Basel, den 4. April 1928."/>
               </TextLine>
               <TextLine ID="r1l3"
                         BASELINE="1020,773 1046,774 1072,774 1099,774 1125,773 1152,773 1178,771 1205,771 1231,773 1258,774 1284,777 1311,780"
                         HEIGHT="140"
                         WIDTH="320"
                         VPOS="677"
                         HPOS="1006">
                  <String ID="string_r1l3"
                          HEIGHT="140"
                          WIDTH="320"
                          VPOS="677"
                          HPOS="1006"
                          CONTENT="ESCHREIBEN"/>
               </TextLine>
               <TextLine ID="r1l4"
                         BASELINE="1046,927 1110,926 1175,924 1239,923 1304,921 1368,920 1433,920 1497,918 1562,918 1626,917 1691,916 1755,915 1820,914 1884,914 1949,912 2013,911 2078,911 2142,909 2207,908 2271,906 2336,905"
                         HEIGHT="152"
                         WIDTH="1318"
                         VPOS="835"
                         HPOS="1032">
                  <String ID="string_r1l4"
                          HEIGHT="152"
                          WIDTH="1318"
                          VPOS="835"
                          HPOS="1032"
                          CONTENT="Basler Rheinschiffahrt-Aktiengesellschaft"/>
               </TextLine>
               <TextLine ID="r1l5"
                         BASELINE="2087,1016 2112,1015 2138,1014 2163,1013 2189,1011 2214,1011 2240,1010 2265,1010 2291,1008 2316,1010 2342,1010 2367,1011 2393,1014"
                         HEIGHT="95"
                         WIDTH="333"
                         VPOS="934"
                         HPOS="2074">
                  <String ID="string_r1l5"
                          HEIGHT="95"
                          WIDTH="333"
                          VPOS="934"
                          HPOS="2074"
                          CONTENT="BASEL"/>
               </TextLine>
               <TextLine ID="r1l6"
                         BASELINE="2090,1107 2116,1107 2142,1107 2168,1107 2194,1107 2220,1107 2246,1106 2272,1106 2298,1106 2324,1106 2350,1106 2376,1106 2402,1104 2428,1103 2454,1102 2480,1100"
                         HEIGHT="144"
                         WIDTH="418"
                         VPOS="1009"
                         HPOS="2075">
                  <String ID="string_r1l6"
                          HEIGHT="144"
                          WIDTH="418"
                          VPOS="1009"
                          HPOS="2075"
                          CONTENT="Marktgasse 5"/>
               </TextLine>
               <TextLine ID="r1l7"
                         BASELINE="944,1277 1028,1275 1112,1274 1196,1272 1280,1271 1364,1269 1448,1268 1532,1266 1616,1266 1700,1265 1784,1263 1868,1263 1952,1262 2036,1260 2120,1259 2204,1257 2288,1257 2372,1254 2456,1253 2540,1251 2624,1250"
                         HEIGHT="105"
                         WIDTH="1707"
                         VPOS="1192"
                         HPOS="929">
                  <String ID="string_r1l7"
                          HEIGHT="105"
                          WIDTH="1707"
                          VPOS="1192"
                          HPOS="929"
                          CONTENT="Wir sind im Besitze Ihres Geehrten vom 3. ds. und haben"/>
               </TextLine>
               <TextLine ID="r1l8"
                         BASELINE="615,1380 719,1380 823,1379 927,1377 1031,1376 1136,1374 1240,1373 1344,1371 1448,1370 1552,1368 1657,1366 1761,1364 1865,1362 1969,1361 2073,1359 2178,1358 2282,1356 2386,1355 2490,1353 2594,1352 2699,1352"
                         HEIGHT="111"
                         WIDTH="2110"
                         VPOS="1286"
                         HPOS="602">
                  <String ID="string_r1l8"
                          HEIGHT="111"
                          WIDTH="2110"
                          VPOS="1286"
                          HPOS="602"
                          CONTENT="davon Kenntnis genommen, dass Sie bereit sind, den Kaufpreis für das"/>
               </TextLine>
               <TextLine ID="r1l9"
                         BASELINE="623,1479 721,1479 820,1478 919,1478 1018,1476 1117,1475 1216,1473 1314,1472 1413,1470 1512,1470 1611,1469 1710,1466 1809,1466 1908,1464 2006,1462 2105,1461 2204,1460 2303,1458 2402,1457 2501,1455 2600,1454"
                         HEIGHT="137"
                         WIDTH="2004"
                         VPOS="1398"
                         HPOS="609">
                  <String ID="string_r1l9"
                          HEIGHT="137"
                          WIDTH="2004"
                          VPOS="1398"
                          HPOS="609"
                          CONTENT="Schiff &#34;Rheinfelden&#34; auf Fr. 105 864.65 zu erhöhen, uns das Boot."/>
               </TextLine>
               <TextLine ID="r1l10"
                         BASELINE="623,1586 726,1584 829,1582 933,1580 1036,1578 1139,1577 1243,1575 1346,1572 1449,1571 1553,1569 1656,1568 1759,1566 1863,1565 1966,1563 2069,1562 2173,1560 2276,1559 2379,1556 2483,1554 2586,1553 2690,1550"
                         HEIGHT="135"
                         WIDTH="2094"
                         VPOS="1479"
                         HPOS="610">
                  <String ID="string_r1l10"
                          HEIGHT="135"
                          WIDTH="2094"
                          VPOS="1479"
                          HPOS="610"
                          CONTENT="sofern unsere Gesellschaft weiter bestehen bleibt, jährlich für eine"/>
               </TextLine>
               <TextLine ID="r1l11"
                         BASELINE="624,1683 720,1682 817,1680 914,1679 1010,1677 1107,1676 1204,1674 1300,1673 1397,1671 1494,1670 1591,1668 1687,1667 1784,1665 1881,1664 1977,1662 2074,1661 2171,1659 2267,1658 2364,1656 2461,1655 2558,1653"
                         HEIGHT="118"
                         WIDTH="1962"
                         VPOS="1587"
                         HPOS="610">
                  <String ID="string_r1l11"
                          HEIGHT="118"
                          WIDTH="1962"
                          VPOS="1587"
                          HPOS="610"
                          CONTENT="Freifahrt im Anschluss an die Generalversammlung von Basel nach"/>
               </TextLine>
               <TextLine ID="r1l12"
                         BASELINE="614,1782 719,1781 824,1781 929,1779 1034,1778 1139,1776 1244,1775 1349,1773 1454,1772 1559,1770 1664,1769 1769,1767 1874,1766 1979,1764 2084,1761 2189,1760 2294,1758 2399,1757 2504,1754 2609,1752 2714,1751"
                         HEIGHT="123"
                         WIDTH="2128"
                         VPOS="1676"
                         HPOS="601">
                  <String ID="string_r1l12"
                          HEIGHT="123"
                          WIDTH="2128"
                          VPOS="1676"
                          HPOS="601"
                          CONTENT="Eheinfelden und zurück zur Verfügung zu stellen, und uns für den Fall"/>
               </TextLine>
               <TextLine ID="r1l13"
                         BASELINE="617,1887 720,1886 824,1883 928,1881 1032,1880 1136,1877 1239,1875 1343,1874 1447,1871 1551,1870 1655,1868 1758,1866 1862,1865 1966,1862 2070,1860 2174,1859 2277,1857 2381,1856 2485,1853 2589,1851 2693,1850"
                         HEIGHT="133"
                         WIDTH="2103"
                         VPOS="1794"
                         HPOS="602">
                  <String ID="string_r1l13"
                          HEIGHT="133"
                          WIDTH="2103"
                          VPOS="1794"
                          HPOS="602"
                          CONTENT="einer Wiederveräusserung des Schiffes das Vorkaufsrecht einzuräumen."/>
               </TextLine>
               <TextLine ID="r1l14"
                         BASELINE="968,1980 1054,1979 1140,1977 1227,1977 1313,1976 1400,1974 1486,1973 1573,1971 1659,1970 1746,1969 1832,1967 1918,1965 2005,1965 2091,1963 2178,1961 2264,1959 2351,1958 2437,1956 2524,1955 2610,1952 2697,1950"
                         HEIGHT="118"
                         WIDTH="1757"
                         VPOS="1894"
                         HPOS="954">
                  <String ID="string_r1l14"
                          HEIGHT="118"
                          WIDTH="1757"
                          VPOS="1894"
                          HPOS="954"
                          CONTENT="Ihr Vorschlag, für zwei Jahre die Vergünstigung zum Bezu-"/>
               </TextLine>
               <TextLine ID="r1l15"
                         BASELINE="632,2093 736,2090 840,2087 944,2084 1049,2082 1153,2079 1257,2078 1361,2076 1466,2074 1570,2072 1674,2070 1778,2069 1883,2067 1987,2066 2091,2063 2195,2061 2300,2060 2404,2057 2508,2055 2612,2052 2717,2049"
                         HEIGHT="137"
                         WIDTH="2112"
                         VPOS="1981"
                         HPOS="619">
                  <String ID="string_r1l15"
                          HEIGHT="137"
                          WIDTH="2112"
                          VPOS="1981"
                          HPOS="619"
                          CONTENT="ge eines Freibillets pro Anteilschein einzuräumen, geht weniger weit"/>
               </TextLine>
               <TextLine ID="r1l16"
                         BASELINE="639,2192 744,2188 849,2186 954,2183 1060,2181 1165,2180 1270,2177 1375,2175 1481,2174 1586,2172 1691,2171 1796,2169 1902,2168 2007,2166 2112,2163 2217,2162 2323,2160 2428,2157 2533,2154 2638,2151 2744,2148"
                         HEIGHT="119"
                         WIDTH="2133"
                         VPOS="2100"
                         HPOS="624">
                  <String ID="string_r1l16"
                          HEIGHT="119"
                          WIDTH="2133"
                          VPOS="2100"
                          HPOS="624"
                          CONTENT="als die von unserm Vorstand gewünschte Bedingung. Wir sind aber trotz-"/>
               </TextLine>
               <TextLine ID="r1l17"
                         BASELINE="633,2291 729,2289 825,2288 921,2285 1017,2283 1113,2282 1209,2280 1306,2279 1402,2277 1498,2276 1594,2274 1690,2273 1786,2271 1882,2269 1979,2267 2075,2265 2171,2264 2267,2261 2363,2259 2459,2257 2556,2255"
                         HEIGHT="140"
                         WIDTH="1950"
                         VPOS="2192"
                         HPOS="619">
                  <String ID="string_r1l17"
                          HEIGHT="140"
                          WIDTH="1950"
                          VPOS="2192"
                          HPOS="619"
                          CONTENT="dem bereit, der Generalversammlung zu empfehlen, entweder Ihren"/>
               </TextLine>
               <TextLine ID="r1l18"
                         BASELINE="629,2393 730,2391 831,2390 932,2387 1033,2385 1134,2384 1235,2381 1336,2379 1437,2378 1538,2376 1640,2373 1741,2372 1842,2370 1943,2367 2044,2366 2145,2364 2246,2361 2347,2360 2448,2358 2549,2355 2651,2354"
                         HEIGHT="157"
                         WIDTH="2049"
                         VPOS="2288"
                         HPOS="615">
                  <String ID="string_r1l18"
                          HEIGHT="157"
                          WIDTH="2049"
                          VPOS="2288"
                          HPOS="615"
                          CONTENT="neuen Vorschlag oder Ihren früheren Vorschlag (1 Vorzugsbillet pro"/>
               </TextLine>
               <TextLine ID="r1l19"
                         BASELINE="633,2493 695,2492 757,2492 820,2490 882,2489 944,2488 1007,2487 1069,2486 1131,2484 1194,2483 1256,2483 1318,2481 1381,2480 1443,2478 1505,2477 1568,2475 1630,2474 1692,2474 1755,2472 1817,2471 1880,2469"
                         HEIGHT="116"
                         WIDTH="1275"
                         VPOS="2410"
                         HPOS="619">
                  <String ID="string_r1l19"
                          HEIGHT="116"
                          WIDTH="1275"
                          VPOS="2410"
                          HPOS="619"
                          CONTENT="Genossenschafter auf 5 Jahre) anzunehmen."/>
               </TextLine>
               <TextLine ID="r1l20"
                         BASELINE="969,2589 1054,2588 1140,2586 1226,2583 1312,2582 1398,2580 1483,2577 1569,2576 1655,2574 1741,2573 1827,2571 1912,2568 1998,2567 2084,2565 2170,2562 2256,2561 2341,2559 2427,2556 2513,2555 2599,2552 2685,2550"
                         HEIGHT="125"
                         WIDTH="1745"
                         VPOS="2487"
                         HPOS="955">
                  <String ID="string_r1l20"
                          HEIGHT="125"
                          WIDTH="1745"
                          VPOS="2487"
                          HPOS="955"
                          CONTENT="Wenn die Basler Personenschiffahrtsgesellschaft bestehen"/>
               </TextLine>
               <TextLine ID="r1l21"
                         BASELINE="644,2699 741,2696 839,2694 936,2691 1034,2689 1131,2687 1229,2685 1326,2682 1424,2681 1521,2679 1619,2676 1716,2675 1814,2673 1911,2670 2009,2669 2106,2667 2204,2664 2301,2661 2399,2660 2496,2656 2594,2654"
                         HEIGHT="132"
                         WIDTH="1979"
                         VPOS="2595"
                         HPOS="629">
                  <String ID="string_r1l21"
                          HEIGHT="132"
                          WIDTH="1979"
                          VPOS="2595"
                          HPOS="629"
                          CONTENT="bleibt, so wird dies nicht in der Absicht geschehen. Ihnen durch"/>
               </TextLine>
               <TextLine ID="r1l22"
                         BASELINE="651,2799 751,2796 851,2793 951,2790 1051,2789 1151,2786 1251,2784 1351,2781 1451,2780 1551,2778 1651,2775 1751,2774 1851,2771 1951,2769 2051,2768 2151,2765 2251,2763 2351,2761 2451,2759 2551,2756 2651,2754"
                         HEIGHT="120"
                         WIDTH="2027"
                         VPOS="2718"
                         HPOS="636">
                  <String ID="string_r1l22"
                          HEIGHT="120"
                          WIDTH="2027"
                          VPOS="2718"
                          HPOS="636"
                          CONTENT="Wiederaufnahme der Personenschiffahrt Konkurrenz zu machen sondern"/>
               </TextLine>
               <TextLine ID="r1l23"
                         BASELINE="647,2900 744,2898 841,2897 938,2894 1035,2892 1132,2889 1229,2888 1326,2886 1423,2883 1520,2882 1618,2879 1715,2877 1812,2874 1909,2873 2006,2870 2103,2867 2200,2865 2297,2862 2394,2859 2491,2856 2589,2855"
                         HEIGHT="123"
                         WIDTH="1971"
                         VPOS="2819"
                         HPOS="633">
                  <String ID="string_r1l23"
                          HEIGHT="123"
                          WIDTH="1971"
                          VPOS="2819"
                          HPOS="633"
                          CONTENT="zum Zwecke, für den Fall eines künftigen Versagens des Personen-"/>
               </TextLine>
               <TextLine ID="r1l24"
                         BASELINE="635,3002 736,3000 838,2999 940,2996 1042,2994 1144,2993 1246,2991 1347,2988 1449,2985 1551,2984 1653,2981 1755,2978 1857,2976 1959,2973 2060,2970 2162,2968 2264,2964 2366,2963 2468,2960 2570,2957 2672,2954"
                         HEIGHT="124"
                         WIDTH="2066"
                         VPOS="2892"
                         HPOS="621">
                  <String ID="string_r1l24"
                          HEIGHT="124"
                          WIDTH="2066"
                          VPOS="2892"
                          HPOS="621"
                          CONTENT="schlffahrtserkehrs, zur Ergreifung der dem Publikum dienenden Mass-"/>
               </TextLine>
            </TextBlock>
         </PrintSpace>
      </Page>
   </Layout>
</alto>
