2925 3607
1575 268 777 120 Basel, den 4. April 1928.

701 283 188 98 Basler

2475 273 181 110 25

283 365 985 86 Rheinschiffahrt-Aktiengesellschaft

629 447 333 73 Marktgasse 5

620 508 333 98 Postfach Basel 1

539 577 491 65 Telephon: Safran 47.90

545 639 483 44 Telegramme: Navibale

1394 630 1189 135 Basler Personenschiffahrtsgesellschaft,

541 682 495 56 Postcheck- Konto V 3012

309 725 967 117 Bankverbindung: Schweizgrischer Bankverein, Basel

1874 729 346 136 Basel.

735 1067 820 95 Betrifft Kauf "Rheinfelden"

735 1153 825 113 Ihr Schreiben vom 4. April.

1345 1230 1214 131 Unserm Angebot, das Schiff "Rheinfelden"

730 1352 1694 84 zu kaufen, lag die selbstverständliche Voraussetzung zu

741 1442 1735 87 Grunde, dass das Personenschiffahrtsgeschäft in eine Hand

735 1537 1724 103 kommt. Dies wurde in allen Verhandlungen und im gesamten

749 1638 1672 87 Briefwechsel, der zwischen Ihnen und uns geführt wurde,

739 1732 1749 109 immer klar betont. Wir sehen nicht ein, welches Interesse

745 1829 1742 86 wir hätten, Ihnen das Boot "Rheinfelden" abzukaufen, wenn

747 1950 1822 77 die Möglichkeit besteht, dass Sie sich später wieder am Per-

739 2028 1802 106 sonenschiffahrtsgeschäft beteiligen können. Ob Ihre Gesell-

752 2135 1773 91 schaft bestehen bleibt oder nicht, berührt uns nicht. Wenn

746 2258 1824 77 sie aber bestehen bleibt, so müssen wir die vertragliche Zu-

737 2342 1907 70 sicherung haben, dass sie ohne unser Einverständnis sich nicht

734 2450 1938 110 mehr am Personenschiffahrtsgeschäft beteiligen wird. Von dieser

736 2542 1078 79 Bedingung können wir nicht abgehen.

1391 2633 1197 99 Wir gestatten uns aber, Sie doch darauf

746 2722 1928 107 aufmerksam zu machen, dass der Zweck, den Sie mit dem Bestehen-

747 2846 1954 90 bleiben Ihrer Gesellschaft zu erreichen beabsichtigen, praktisch

753 2944 1911 83 unerreichbar ist. Es ist doch kaum denkbar, dass wenn wirklich

750 3054 1805 73 wir mit drei Schiffen und mit unserer Organisation die Per-

748 3158 1816 76 sonenschiffahrt Basel - Rheinfelden nicht aufrecht erhalten

2388 3249 112 92 ./.
