2925 3609
2488 242 188 141 20

1745 680 851 131 Basel, den 23. April 1928.

1174 886 1309 150 Basler Rheinschiffahrt-Aktiengesellschaft

2130 992 318 85 Basel

2034 1059 430 61 —--------

1377 1251 1183 113 Wir sind im Besitze Ihres Geehrten vom

774 1337 1842 134 28. März, mit dem Sie uns den Entwurf des Kaufvertrages betr.

779 1436 1816 118 das Boot "Rheinfelden" übermitteln. Wir sind im allgemeinen

763 1543 1858 98 mit dem Entwurfe einverstanden und möchten nur zur Präzisie-

775 1653 954 98 rung folgende Wünsche äussern:

1388 1730 1188 132 Die beiden ersten Artikel sollten u.E.

785 1851 539 116 wie folgt lauten:

1091 1959 1433 99 Art. 1: Die Personenschiffahrt verkauft an die

782 2035 1808 114 Basler das ihr gehörende betriebsbereite Dieselboot "Rhein-

790 2169 1674 84 felden" in seinem gegenwärtigen Zustande nebst dem zum

790 2233 1861 104 Schiff gehörenden Inventar, den Reserveteilen und sämtlichen

795 2330 1789 139 Gegenständen, die zum Unterhalt, zur Reinigung, zur Brem-

803 2411 1774 146 stoffbunkerung etc. notwendig sind, soweit sich solche am

798 2539 1799 114 5. April im Eigentum der Personenschiffahrt befunden haben,

806 2658 1746 96 sowie die Landungsstege Breite (ausschliesslich Pontons),

794 2757 1746 93 Waldhaus und Schweizerhalle. Die Personenschiffahrt wird

809 2829 1769 124 für die sofortige Ablösung der auf dem Boote "Rheinfelden"

794 2949 1026 106 lastenden Hypothek besorgt sein.

1101 3044 1562 143 Art. 2: Der Kaufpreis beträgt Fr. 105.864.65 nebst
