2925 3607
2424 234 178 121 23

2069 615 464 118 25. April 1938

922 816 871 155 Basler Rheinschiffahrt A.G.

1698 924 354 113 Basel.

794 1042 1808 159 Vir erhielten Ihr Seehrtes vom 23.0t. und wurden heute te¬

638 1191 1498 98 lephonisch wegen des Vertragsentwurfs angefragt.

803 1284 906 98 Sie empfangen nun beiliegend:

544 1361 1974 135 X 1) den Vertragsentwurf betr. "Rheinfolden' vom 17.April 1928

612 1456 1961 143 a) die Betriebswovilligung von Basel-Stadt für die Rheinfolden

654 1549 1912 152 3) 2 Schroiben dos Polizeinspektorats Basel vom 6. und 26.Kal

761 1683 936 104 1925 betr. Landungssteg Breite

667 1763 1604 110 4) Vertrag mit F.Buess Sissach nebst Vorbehaltscopie

1121 1824 1528 136 Feldschlösschen Kheinfelden nebst Vorbehaltscopie

667 1901 106 84 5)

816 1934 1880 166 Eine Fetricbebewilligung von Baselland findet sich in unseron

669 2025 1936 145 Akten nicht vor.Dem Unterzeichmeten ist nur bekannt, dass Basel¬

682 2135 1959 139 land dis Bewilligung von Basel-Stadt bisher als gültig amerkannt

678 2259 1998 118 hat. Nagegen liegt eine Bewilligung von Hargau vor,woiche,auf ver-

687 2342 1885 129 schiedene Schiffe lautend,von uns noch nicht abgageben werden

690 2432 1931 162 kann.Wir sind jadoch gerne bereit, Ihmen eino Absshrift anzufer-

680 2590 1244 115 tigen, sofern Sie einer solchen bedürfen.

836 2639 1796 150 Ee wäre uns sehr angenehm,wenn der Vorkaufsvertrag noch im

688 2752 1817 142 Laure dieser Woche beidseitig unterschrieben werden Könnte.

847 2847 1754 127 Den Empfang dieses Friefes nebst der darin einzein aufge-

698 2957 1489 119 führten Beilagen belieben Sie uns zu bestätigen.

1609 3047 520 88 Hochachtungsvoll

2325 3086 94 114 afi

1575 3103 649 144 er eogee.

1772 3177 368 131 Der Geschätefchrer
