2870 4386
1177 406 447 117 Vertrag

1162 517 389 98 zwischen der

633 608 1448 94 Basler Personenschiffahrtsgesellschaft in Basel

903 661 1242 105 (im folgenden Personenschiffahrt genannt)

1281 747 473 117 als Verkäuferin

1442 866 250 96 und der

632 944 1555 113 Basler Rheinschiffahrt-Aktiengesellschaft in Basel

986 1029 876 96 (im folgenden Basler genannt)

1325 1095 399 127 als Käuferin

1402 1214 293 94 über die

921 1301 1331 131 Veräusserung des Dieselbootes "Rheinfelden"

1410 1443 214 126 Art.1.

895 1536 1512 123 Die Basler erwirbt von der Personenschiffahrt das

593 1667 1825 94 betriebsbereite Dieselboot "Rheinfelden" zum Kaufpreise von

592 1778 1914 95 Fr.105.864.65 einhundertfünftausendachthundertvierundsechzig

586 1875 1159 113 Franken und fünfundsechzig Centimes).

1407 1950 233 122 Art.2.

900 2038 1608 133 In diesem Kaufpreis sind enthalten die Landungsstege

611 2153 1981 126 Breite (ausschliesslich Fontons), Waldhaus, Schweizerhalle, alles

610 2262 1930 113 zum Schiff gehörende Inventar nebst Reserveteilen und sämtliche

606 2362 2016 94 Gegenstände, die zum Unterhalt, zur Reinigung, Brennstoffbunkerung

601 2451 1943 126 etc. notwendig sind und die Eigentum der Personenschiffahrt bei

614 2561 1951 139 Abschluss dieses Vertrages (Stichtag 5.April 1928) gewesen sind.

1388 2662 222 100 Art.3.

909 2742 1710 138 Die Basler verpflichtet sich gegenüber dem Kur- und Ver-

612 2848 1812 139 kehrsverein Rheinfelden, der von der Personenschiffahrt als

612 2973 1950 87 Kontrahent für die Aufrechterhaltung der Schiffahrt Basel-Rhein-

614 3060 1961 102 felden bezeichnet wurde, während fünf Jahren die Schiffahrt nach

609 3162 2055 99 Rheinfelden im bisherigen von der Personenschiffahrt durchgeführten

615 3284 2002 111 Masse aufrecht zu erhalten. Diese Verpflichtung bedeutet indessen

617 3345 1910 126 keine Bindung auf den von der Personenschiffahrt eingehaltenen

603 3464 1826 116 Fahrplan. Die neue Fahrplangestaltung ist Sache der Basler.

1404 3557 213 114 Art.4.

919 3648 1722 114 Die Personenschiffahrt oder deren eventuelle Rechtsnach-

625 3755 2049 105 folger verpflichten sich ihrerseits, während der Dauer der nächsten

616 3864 2024 148 fünf Jahre weder in Basel noch Umgebung Personenschiffahrt mit ei-
