2840 4397
1400 343 114 119 -2-

577 447 1874 125 genen, gemieteten oder sonstwie verfügungsbereiten Schiffen zu

581 564 2014 121 treiben und treiben zu lassen, noch sich weder direkt noch indirekt

575 672 1913 96 an einem Betrieb, der in Basel und Umgebung Personenschiffahrt

582 771 1896 86 treibt oder zu treiben beabsichtigt, zu beteiligen, auch nicht

577 877 1220 100 in Form blosser Mitarbeit oder Beratung.

1435 973 190 103 Art.5.

1037 1046 1528 119 Die in Art.3 und 4 festgelegten gegenseitigen Ver-

584 1153 1984 131 pflichtungen erneuern sich stillschweigend ohne weiteres, wenn sie

579 1264 2026 115 nicht ein Jahr vor Ablauf der fünfjährigen Frist gekündigt werden.

592 1340 2077 149 Eine Kündigung seitens der Personenschiffahrt oder deren Rechtsnach-

593 1459 2013 117 folger ist nur möglich, wenn die Basler ihre Verpflichtungen nach

582 1565 1682 112 Art.3 nicht innehält, wesentlich verletzt oder kündigt.

1040 1651 1599 132 Streitigkeiten über Nichteinhalten der Verpflichtung

602 1759 1920 120 der Basler werden einem Schiedsgericht unterbreitet, zu dem jue

591 1883 1974 96 Partei einen Vertreter ernennt, die ihrerseits den Obmann wählen.

591 1989 2069 91 Herrscht über den Obmann nicht Einigkeit, so bestimmt ihn ein Zivil-

598 2072 1284 107 gerichtspräsident des Zivilgerichts Basel.

1450 2158 192 113 Art.6.

1044 2247 1504 120 Die Basler gewährt pro Anteilschein der Personen-

595 2388 1920 88 schiffahrt auf die Dauer von zwei Jahren ein Freibillet, gültig

594 2461 1740 95 an Werktagen für eine Fahrt Basel-Rheinfelden und zurück.

1063 2554 1523 108 Sollte die Personenschiffahrt als Gesellschaft be-

609 2666 1920 132 stehen bleiben, so stellt die Basler alljährlich anlässlich der

603 2763 2043 111 Generalversammlung das Bott "Rheinfelden" für eine Freifahrt Basel-

604 2878 1143 94 Rheinfelden und zurück zur Verfügung.

1462 2985 191 87 Art.7.

1057 3067 1543 111 Der Personenschiffahrt oder deren Rechtsnachfolger

598 3155 2021 110 wird, falls die Basler je beabsichtigt, das Boot "Rheinfelden" zu

610 3281 1230 109 verkaufen, ein Vorkaufsrecht eingeräumt.

1455 3375 204 93 Art.8.

1055 3435 1495 128 Für alles in diesem Vertrag nicht Geregelte sind

598 3561 2056 121 die Bestimmungen des schweizerischen Obligationenrechts massgebend.

1182 3674 1173 91 Gerichtsstand des Vertrages ist Basel.

1953 3767 421 101 Die Käuferin

600 3768 521 115 Die Verkäuferin
