2685 3644
1719 185 646 134 gynl 1928

347 247 68 80 58

1048 248 641 74 DIE RHEINQUELLEN

560 409 1663 97 Änderungen in der Personenschiffahrt

982 497 814 101 Basel-Rheinfelden

1402 592 1030 83 generös und ritterlich empfinden können. Zu dieser

383 624 970 53 Nachdem sich im Jahre 1924 die «Basler Perso¬

1408 663 1024 57 Konkurrenz kam sodann noch das anhaltend

338 667 1008 62 nenschiffahrtsgesellschaft» mit der rein idealen Ab¬

1417 714 1009 55 schlechte Wetter während des Sommers 1927. Auch

334 715 1011 60 sicht gegründet, die vor dem Kriege so beliebt ge¬

1416 753 1003 58 im laufenden Jahre hat die «Basler Personenschiff

337 758 1013 58 wesene Personenschiffahrt zwischen Basel und

1414 800 1008 60 fahrtsgesellschaft» der Basler Rheinschiffahrts¬

333 807 1028 48 Rheinfelden wieder aufzunehmen und, nachdem sie

1415 844 1013 59 A.-G.» wiederum eine Betriebsgemeinschaft angebo¬

332 852 1017 53 hiezu das schöne Dieselboot «Rheinfelden« um den

1419 899 1017 48 ten oder die leihweise Uebernahme des Bootes

332 898 1022 53 Preis von rund Fr. 160,000 hat erbauen lassen, hat

1415 914 1007 76 «Rheinfelden», aber es war nicht möglich, auf die¬

335 948 1017 51 sich der Personenverkehr in der Folge ganz gut

1417 988 1019 48 sem Boden zu einer Einigung zu kommen, und so

334 992 1014 54 entwickelt. Die «Personenschiffahrtsgesellschaft:

1413 1034 1015 50 blieb der «Basler Personenschiffahrtsgesellschaft»

341 1030 1010 60 ging nicht auf Gewinne aus, sondern beabsichtigte.

1413 1064 1017 55 nichts anderes mehr übrig, als der Konkurrenz die

337 1074 1024 51 auf uneigennützigem Boden die Personenschiffahrt

1417 1123 999 49 käufliche Ueberlassung des Bootes «Rheinfelden

343 1123 1003 54 mit der Zeit auszubauen und so im Dienste der All

1411 1153 1026 62 anzubieten. Die Generalversammlung vom 10. April

343 1162 1014 63 gemeinheit ein nützliches und gemeinnütziges Werk

1408 1201 1020 53 hat den Verkauf unter den obwaltenden Umständen

340 1213 999 55 zu vollbringen. Sie hat ihr Boot «Rheinfelden» ge

1409 1246 1026 63 zum Preise von Fr. 105,000 genehmigt und so ist

346 1255 999 57 rade aus diesen Gründen gemäss dem Grundsatz

1409 1292 1023 53 nun der Personenschiffahrtsbetrieb in Basel vom

338 1302 1015 49 dass heimisches Gewerbe vorzuziehen sei, und nach

1424 1339 1007 58 Boden der Gemeinnützigkeit auf den Boden des

346 1345 1009 51 den Leitsätzen des Schweizerwoche-Verbandes voll¬

1417 1390 1014 45 privatwirtschaftlichen Geschäftsegoismus hinüber¬

331 1388 1027 55 ständig in der Schweiz erstellen lassen. Der Schiffs¬

1409 1433 1019 50 gerutscht. Ob diese Wandlung wirklich im In¬

338 1432 1012 50 rumpf und der gesamte Ausbau erfolgte auf der

1420 1470 1009 58 teresse der Allgemeinheit liegt und sich diese

347 1477 1003 60 Schiffswerft in Augst durch die Firma Buss A.-G.

1408 1516 1020 60 mit ihr abfindet, werden die nächsten Jahre zei¬

333 1520 1021 55 und die Motoren wurden bei Gebr. Sulzer in Win¬

1414 1574 1017 42 gen. Da die Käuferin an den vielfachen Be¬

349 1573 532 52 terthur in Auftrag gegeben.

1409 1598 1022 66 mühungen um die Wiedereinführung der Per¬

407 1596 954 77 Im Jahre 1926 stellte sodann die «Basler Rhein¬

1407 1644 1026 55 sonenschiffahrt, an den Bemühungen um die

337 1660 1020 58 schiffahrts-A.-G.» ein Dieselboot, den «Vogel Gryff»,

1408 1696 1024 53 tatkräftige und moralische Mitwirkung bei der Geld¬

339 1708 1011 60 in den Basler Dienst. Es ist zum Schleppen ein¬

1415 1742 1017 52 beschaffung nicht beteiligt war, sondern sich mühe¬

331 1756 1021 60 gerichtet, da damit die Kanalkähne von der Kanal¬

1418 1786 1014 50 los der schon geleisteten Vorarbeit bedienen kann,

331 1804 1015 53 mündung bei Hüningen nach den Basler Hafen

1415 1833 1018 53 ist anzunehmen, dass sie nun alle diese Vorteile

337 1845 1026 51 anlagen und umgekehrt bugsiert werden sollten, eine

1420 1876 1003 55 auch der grossen Oeffentlichkeit in Form von billi¬

344 1892 1013 55 Aufgabe, an deren rationeller Lösung es heute be¬

1420 1919 1005 59 gen Fahrpreisen und vorzüglichen Fahrgelegenhei¬

343 1938 1001 47 teiligt ist. Ausserdem kann es auch zum Personen

1417 1967 1020 52 ten wird zugute kommen lassen. Auf jeden Fall ist

341 1978 1021 64 transport hergerichtet werden. Dieses Boot soll etwa

1408 2010 1020 52 es zu begrüssen, dass es gelungen ist, der «Baslei

347 2025 998 50 Fr. 100,000 gekostet haben und wurde in Deutsch

1423 2055 1009 53 Rheinschiffahrts-A.-G.» die Verpflichtung zu über¬

342 2072 1021 49 land erbaut. Da es vornehmlich geschaffen worden

1424 2113 1011 46 tragen, während mindestens fünf Jahren die Per¬

351 2115 1007 59 war, um in den Dienst der Güterschiffahrt gestellt

1410 2143 1015 53 sonenschiffahrt im bisherigen Umfange weiterzu

343 2170 1013 45 zu werden, wurden ihm auf Empfehlung der Bas¬

1424 2190 1007 59 ühren. Die «Basler Personenschiffahrtsgesellschaft»

339 2208 1027 46 ler Regierung ganz bedeutende Zollerleichterungen

1413 2236 1024 56 wird jedoch weiter bestehen bleiben, um für den

347 2251 1005 49 bei der Einfuhr bewilligt. Mit diesem unter so gün¬

1411 2280 1019 60 Fall eines künftigen Versagens des Personenschiff¬

347 2294 1014 59 stigen Umständen erworbenen Boot konnte selbst¬

1417 2325 1020 48 fahrtsverkehrs gerüstet zu sein, die dem Publikum

339 2342 1013 54 verständlich der «Basler Personenschiffahrtsgesell¬

1423 2376 1020 52 dienenden Massnahmen zu ergreifen. Dies ist umso

341 2387 1023 47 schaft» in der Personenschiffahrt Basel—Rheinfel¬

1415 2418 1029 53 mehr zu begrüssen, als die in etwa sechs Jahren zu

344 2421 1011 60 den eine wirksame Konkurrenz gemacht werden

1419 2459 1017 54 erwartende Fertigstellung des Kembser Werkes und

342 2479 1009 45 und aus diesem Grunde offerierte die «Personen

1421 2503 1021 53 die daraus resultierende Stauung des Rheines von

350 2526 1013 45 schiffahrtsgesellschaft» anfangs 1927 eine Betriebs¬

1420 2547 1009 57 Neudorf bis zur Basler Eisenbahnbrücke im Bas¬

342 2562 1017 57 gemeinschaft, d. h. gemeinsame Abmachungen über

1414 2596 1015 56 ler Schiffahrtsbetrieb ungeahnte Wandlungen brin¬

349 2607 1009 51 Fahrplan und Fahrpreis, aber die «Basler Rhein¬

1419 2639 1003 51 gen wird, die vielleicht auch in den Personenschiff

346 2652 1005 53 schiffahrts-A.-G.» stellte derartig schroffe und un

1416 2682 1023 55 fahrtsbetrieb eingreifen werden. Der «Verein für die

344 2702 1011 49 annehmbare Bedingungen, dass eine Betriebsgemein¬

1414 2732 1024 47 Schiffahrt auf dem Oberrhein» hat der Personen¬

340 2741 1019 52 schaft ganz unmöglich war. Die Konkurrenzierung

1423 2773 1014 57 schiffahrt als Mittel zur Popularisierung der Rhein¬

351 2786 1013 53 des Bootes «Rheinfelden» durch das Boot «Vogel

1420 2819 1013 60 schiffahrt und zur Neubelebung des Stromspiegels

343 2834 1015 47 Gryff» wurde im Jahre 1927 noch wesentlich da¬

1421 2863 1009 60 stets die grösste Aufmerksamkeit entgegengebracht

353 2875 1011 50 durch erleichtert, dass die Kanalschiffahrt einen

1420 2907 1011 55 er hat den Anstoss gegeben zur Aufnahme der Per¬

346 2921 1017 52 ungeahnten Aufschwung nahm, denn es mussten

1414 2952 1018 56 sonenschiffahrt vor dem Kriege mit den zwei Köl¬

346 2963 1014 51 983 auf dem Kanal nach Hüningen fahrende Kanal¬

1424 2997 1009 52 ner Raddampfern, er hat die damaligen Fahrten

347 3010 1019 56 kähne über den Rhein und zum grössten Teile wie¬

1430 3043 1005 52 subventioniert, er hat die Gründung der «Basler

355 3053 1009 59 der zurückgeschleppt werden. Diese doppelte Be¬

1421 3087 1013 49 Personenschiffahrtsgesellschaft» veranlasst und er

353 3099 1010 51 schäftigung im Güter- und Personenverkehr erlaubte

1422 3131 1022 56 wird auch weiterhin den Personenschiffahrtsbetrieb

354 3148 1003 55 der «Basler Rheinschiffahrts-A.-G.» alle Fahrpreise

1417 3186 611 54 nicht aus den Augen verlieren.

352 3194 1011 43 der «Basler Personenschiffahrtsgesellschaft» zu un¬

1486 3228 948 52 Nun noch einiges aus dem Betrieb des Jahres

355 3232 1011 57 terbieten, und sie machte von dieser Möglichkeit

1426 3281 1024 60 1927: auf dem Boot «Rheinfelden» wurden verkauft

349 3278 1009 58 in einer Art und Weise Gebrauch, die wir nicht als
