2686 3645
2247 233 61 66 59

983 236 638 73 DIE RHEINQUELLEN

1304 359 1020 68 von Fr. 36,402.— vereinnahmt. Hiezu kommen noch

233 373 1014 70 im April 213 Fahrkarten, im Mai 3780, im Juni

1320 418 996 57 r. 542.— aus der Gewinnbeteiligung am Schiffs¬

234 441 1007 45 3377, im Juli 4154, im August 2860, im Septembei

1302 475 1013 49 restaurant. Die Betriebsausgaben beliefen sich auf

229 479 1015 65 2021 und im Oktober 729 und auf dem Hilfsboot

1312 511 1004 57 Fr. 39,443.—, so dass ein Betriebsdefizit von Fr.

241 529 1001 52 Albatros» im Mai 386, im Juni 703, im Juli 811

1308 561 1012 48 2499.— zu verzeichnen ist. Die Verkaufssümme er¬

230 574 1021 46 im August 380 und im September 268, im ganzen

1314 597 1002 51 aubt eine zwanzigprozentige Rückzahlung des Ge¬

239 611 1000 48 wurden in fünf Monaten und zwei halben Monater

2178 642 94 48 R. F

2148 646 28 40 J.

1313 644 419 63 nossenschaftskapitals.

242 655 997 68 19,682 Fahrkarten verkauft und damit eine Summe

1526 756 806 89 Mitteilungen

1347 792 118 66 ne

1298 800 34 46 7

1232 796 47 55 e

246 779 969 89 Verschiedene k

1316 888 1006 47 trag von 750,000 Mark für den weiteren Ausbau des Kehler

358 911 761 62 Auf den Binnenwasserstrassen

1313 929 1014 40 Hafens eingesetzt. Hierzu schreibt die «Freiburger Zeitung»:

1316 962 991 42 Mit fieberhaftem Eifer wird der kleine Strassburger Seiten

297 970 957 56 Eine Rheinschiffahrts-Polizeiverordnung für die schwei¬

1313 1000 1000 40 kanal ausgebaut, der den Durchgang der Rheinschiffe unte

239 1015 1005 45 zerische Rheinstrecke bei Basel. Die Regierung des Kantont

1322 1028 1006 57 len Kehler Rheinbrücken unnötig macht, da viele nach Basel

242 1048 1006 45 Basel-Stadt hat auf die Berichte der Rheinschiffahrtsdirek

1311 1068 1017 42 bestimmte Schiffe bei hohem Wasserstand tagelang auf die

237 1089 1011 40 tion, des Polizei- und des Justizdepartements dem eidgen

1317 1107 1008 43 Weiterfahrt warten müssen. Zugleich wird der Strassburger

233 1117 1006 50 Politischen Departement zuhanden des Bundesrates bean

1323 1135 1006 47 lafen bedeutend vergrössert und ausgebaut. Und da soll

233 1154 1009 44 tragt, es sei auf dem Verordnungswege die Rheinschiffahrts

1312 1180 1010 39 Baden und das Reich die Frage des Kehler Hafens aus dem

230 1190 1024 55 Polizeiverordnung der Rheinzentralkommission für die

1322 1208 1000 42 Auge verlieren? Schon anlässlich des Besuches des Badischen

239 1231 1017 44 schweizerische Rheinstrecke des konventionellen Rheins, von

1322 1245 1003 39 Landtages in Kehl im Juli 1927 erläuterte Eisenbahnoberrat

237 1271 1011 36 der Landesgrenze rheinaufwärts bis zur mittleren Rhein¬

1314 1288 1011 41 Sinngrün von Karlsruhe im Hafengebiet an Hand eines über¬

246 1305 1007 45 brücke in Basel, in Wirksamkeit zu erklären. Gleichzeitig

1317 1317 1004 51 sichtlichen Planes die geschichtliche Entwicklung des Rhein¬

236 1341 1014 47 wird das Polizeidepartement beauftragt, den Entwurf zu

1315 1348 1001 44 hafens Kehl, seine Bedeutung in Vergangenheit, Gegenwar

242 1369 1018 47 einer kantonalen Verordnung über den Schiffsverkehr auf

1317 1382 1006 45 und Zukunft. An Hand von statistischem Material gab ei

244 1410 1007 41 dem Rhein für die Strecke von der mittleren Rheinbrücke

1317 1419 1013 51 ein klares Bild der momentanen Lage und die Aussichten,

239 1447 721 56 aufwärts bis zur Kantonsgrenze vorzulegen

1307 1458 1017 43 die uns infolge des Ausbaues des Strassburger Hafens und

306 1486 940 52 Eine Güteranlegestelle am Rhein in Breisach. An de

1310 1488 1009 48 der Bestrebungen von jenseits des Rheins bevorstehen und

245 1525 1010 44 kürzlich in Breisach stattgehabten Generalversammlung des

1310 1526 1021 45 betonte in eindringlichster Weise die Notwendigkeit baldigen

252 1558 993 43 Jerkehrsvereins Breisach teilte der Vorsitzende mit, das

1324 1561 1004 48 Zingreifens der badischen Regierung bezw. des Reiches. Be¬

247 1599 1009 47 Bestrebungen im Gange seien, in Breisach eine Anlegestelle

1318 1592 1007 50 sonderen Eindruck machte seine Mitteilung, dass der grosse

248 1635 1010 49 für Fracht- und Personendampfer zu schaffen, was nicht

1313 1631 1012 48 Getreidespeicher heute nur noch zu etwa ein Drittel seines

248 1667 1002 45 nur für die Breisacher Firmen, sondern viel mehr noch fur

1314 1667 1013 46 Fassungsvermögens belegt sei. Jedem Kenner der lokalen

1324 1703 1004 42 Verhältnisse ist klar, dass Kehl städtebaulich unbedingt aus

245 1702 1012 52 die Industrie der Freiburger Gegend und des ganzen Breis¬

1319 1736 1001 47 dem schmalen Streifen zwischen Rhein und Kinzigbogen her

241 1753 667 39 gaues von erheblicher Bedeutung wäre.

1322 1781 999 41 auskommen und sich unbedingt nach Osten hin erweitert

308 1792 938 39 Strassburgs Hafenverkehr im März 1928. (Korr. auf

1313 1807 1016 56 muss. Hier ist die einzige Möglichkeit der zweckmässigen Er¬

243 1827 1006 38 Strassburg.) Strassburg ist unbestritten der zweitbedeutendste

1317 1849 1002 45 schliessung weiterer Wohngebiete, aber auch die einzig

240 1851 1011 47 Flusshafen Frankreichs, und wenn man dessen Verkehr mi

1323 1889 998 40 Möglichkeit der Gewinnung von neuem und billigem Indu

245 1895 1002 41 dem der Seehäfen vergleicht, der drittbedeutendste. De

1313 1915 1011 51 striegelände gegeben. Kehl wird wirtschaftlich nur durchhal

248 1929 1012 42 eigentliche Güterverkehr in den Hafenanlagen betrug im

1324 1952 1010 49 ten, wenn es ihm gelingt, in den nächsten Jahren bestehende

249 1967 1004 42 März 97,416 Tonnen; wenn man Kohlen-, Kali- und Eisenerz¬

1324 1998 1003 37 sudustrien zu erweitern und neue anzusiedeln. Dies liegt aber

245 2004 1002 41 verkehr hinzurechnet, ergibt es einen Totalverkehr vor

1945 2028 382 50 weiteren Entwicklung

1326 2027 618 44 auch nicht zuletzt im Interesse der

246 2034 1005 45 457,530 Tonnen. Es kamen an per Rhein 150,010 Tonner

1313 2066 322 48 des Kehler Hafens.

242 2074 1009 40 Kohlen, 52,220 Tonnen Getreide und 7,082 Tonnen Petroleun

1393 2104 933 49 Der Karlsruher Rheinhafen. Die Verkehrsentwicklung in

252 2105 1002 48 plus diverse Güter. Talwärts versandt wurden 27,364 Tonner

1325 2142 997 46 Karlsruher Rheinhafen hat in den letzten Jahren einen an

251 2143 1006 41 Kali, 4,580 Tonnen Soda, 182,760 Tonnen Eisenerz und 2,503

1329 2176 1004 43 jehnlichen Aufschwung genommen. Der Verkehr hat sich der¬

242 2179 711 40 Tonnen Eisenprodukte plus diverse Güter

1314 2213 1013 43 art gesteigert, dass beispielsweise im letzten Jahre der Koh¬

323 2214 939 46 Was den Kanalverkehr anbetrifft, so war er durch

1325 2245 1006 47 enverkehr grösser war, als der Gesamtverkehr im Jahre

252 2252 1011 46 Schleuse 51 des Rhein—Herne-Kanals folgender: Nach dem

1325 2281 1008 55 1911, Im Jahre 1927 betrug der Kohlenverkehr zwei Millio¬

250 2287 1005 44 Inneren fuhren 161 beladene Kanalschiffe und 39 leere, und

1317 2318 1005 43 nen Tonnen, das sind 50 Prozent mehr als in den Friedens

248 2321 1003 46 vom Inneren kamen 197 beladene und 17 leere. Durcl

1324 2356 1010 41 jahren. Der Gesamtverkehr ist von 1,137,479 Tonnen im Jahre

245 2362 1012 40 Schleuse 85 des Rhein—Rhone-Kanals fuhren 324 beladene

1328 2388 1004 45 1925 auf 2,139,171 Tonnen im Jahre 1927 gestiegen, hat also

252 2391 996 55 Kanalschiffe in Richtung Mülhausen und von dort kamen 3

1326 2430 1008 39 len höchsten Stand der Friedenszeit, den Stand des Jahres

252 2438 1010 36 beladene und 264 leere. Da man die betreffenden Angaben

1321 2468 1009 36 1913 in Höhe von 1,4 Millionen Tonnen um rund 44 Prozent

242 2462 1021 48 jetzt erst erhält, sei noch mitgeteilt, dass im Februar 111 be¬

1316 2495 1021 50 überschritten. Dieser günstige Verkehrsaufschwung des Karls¬

241 2509 1015 39 ladene Kanalschiffe die Hüninger Schleuse passierten, un

1324 2531 1004 49 ruher Rheinhafens macht eine wesentliche Erweiterung der

242 2537 1018 49 nach Basel zu fahren und von dort kamen 14 beladene und

1316 2565 1018 41 verhandenen Umschlagseinrichtungen nötig. Der Karlsruher

254 2573 124 53 98 leere

1322 2603 1018 46 Stadtrat beschäftigte sich in einer seiner letzten Sitzungen

324 2590 943 68 Erwähnt sei noch, dass der Konkurrenz-Hafen von

1321 2650 1009 35 mit der Erweiterung der Betriebseinrichtungen des Rhein¬

257 2643 995 45 Strassburg, also Kehl, vom 10. Juli 1928 ab wieder gan

1318 2676 1012 49 hafens und beschloss, die städtischen Umschlagseinrichtun¬

254 2679 1000 43 unter deutscher Verwaltung sein wird und dass das Reicl

1322 2716 1002 47 gen in den nächsten Jahren planmässig zu erneuern, zu ver

252 2721 995 40 einen Zuschuss von 750,000 Mark gewährt zu dessen Ver

1328 2756 1006 44 mehren und zu erweitern. Interessant ist in der stadträtlichen

248 2759 1008 39 grösserung, ausserdem wird der Lauf der Kinzig verlegt, wa¬

1325 2783 1010 48 Vorlage, dass an sämtlichen vorhandenen Hafenbecken alle

250 2798 1009 42 2,925,000 Mark Kosten verursacht, um Hafen und Bahnhol

1316 2823 1022 42 in Betracht kommenden Plätze vergeben sind, so dass die

251 2828 554 40 von Kehl vergrösser zu können.

1328 2855 1012 42 Frage der Errichtung des fünften Hafenbeckens, dessen Bau

326 2862 936 48 Am 13. März wurde die neue Zufahrt zum Strassburger

1323 2890 1023 48 durch Krieg und Inflationszeit verhindert wurde, wieder in

257 2896 1005 39 Rheinhafen über den neu erbauten Pont d’Anvers eingeweiht.

1329 2929 698 53 den Bereich der Erörterung gezogen wird.

251 2932 1008 43 Obgleich der gesamte Verkehr im Hafen zufriedenstellenc

258 2977 1012 35 ist, lässt der eigentliche Güterverkehr, der für den lokalen

1394 2967 945 45 Schiffsmeldedienst zwischen der Karlsruher Hafenmün¬

257 3004 997 49 Handel sehr wichtig ist, noch sehr viel zu wünschen übrig

1326 3005 1006 43 dung und der Maxau-Maximiliansauer Schiffsbrücke. Das

248 3040 1012 38 eine Besserung dieses Zustandes kann aber nicht eher er¬

1329 3044 1008 41 Badische Rheinbauamt Mannheim veröffentlicht unter dem

242 3074 1012 53 folgen, als bis die surtaxe d'entrepôt auch für die holländi

1317 3079 1017 43 25. März 1928 folgende Bekanntmachung für die Rheinschiff¬

251 3111 649 52 schen Häfen gänzlich aufgehoben wird

1326 3113 1014 43 fahrt: «Zur Erleichterung der Schiffahrt ist zwischen dem

1324 3151 1006 44 Zollposten am Ausgange des Karlsruher Stichkanals und der

324 3147 942 48 Die Zukunft des Kehler Hafens. Im Sommer des laufen¬

1332 3183 998 43 Schiffbrücke Maxau ein Meldedienst eingerichtet derart, das

255 3189 999 39 den Jahres läuft die Frist der Zugehörigkeit des Kehler Ha

1321 3226 1010 45 jedes den Stichkanal in Richtung Maxau verlassende Fahr

253 3225 1016 41 fens zum Strassburger Hafen als wirtschaftliche Einheit ab.

1331 3265 1003 48 zeug von dem Zollwärter am Stichkanal an die Schiffbrücke

259 3262 1007 53 Im badischen Staatsvoranschlag 1927/1928 ist nun ein Be¬
