2921 3609
1950 108 220 154 t

1518 237 736 118 Basel, den 3. Mai 1928.

679 257 224 123 Basler

285 374 959 71 Rheinschiffahrt-Aktiengesellschaft

615 442 333 74 Marktgasse 5

623 506 325 98 Postfach Basel 1

535 580 485 68 Telephon: Safran 47.90

530 636 497 50 Telegramme: Navibale

536 680 490 60 Postcheck-Konto V 3012

1412 642 912 109 Herrn Dr. Max Vischer,

300 717 955 101 Bankverbindung: Schweizerischer Bankverein, Basel

2084 733 296 86 Basel.

1984 799 506 100 St. Albangraben.

732 795 131 113 R/M

1342 1133 1094 118 In No. 4 der Rheinquellen lesen wir

722 1264 1713 99 einen Artikel über Äenderungen in der Personenschiffahrt

719 1354 1687 89 Basel - Rheinfelden, verfasst vom Redaktor und Schrift-

723 1453 1734 89 steller Jean Richard Frey. Ohne Zweifel wurde dieser Herr

727 1560 1643 89 von Ihnen orientiert, denn es ist ausgeschlossen, dass

723 1649 1768 135 Herr Frey die Angaben, die er, allerdings die Wahrheit um-

726 1738 1715 120 kehrend, in diesem Artikel macht, aus der Luft gegriffen

717 1869 1741 106 hat. Wir teilen Ihnen hiermit mit, dass in Zukunft solche

720 1954 1799 89 unverschämte Publikationen zu unterlassen sind, ansonst wir

731 2059 1835 94 der Oeffentlichkeit unter Nennung aller Namen bekannt geben,

728 2151 1833 86 werden, dass die Personenschiffahrtsgesellschaft nicht durch

723 2266 1888 77 unsere Konkurrenz, sondern durch die Unfähigkeit ihrer Leitung

723 2357 1885 88 zu Grunde gegangen ist. Wir können dies an Hand von Dokumenten

716 2461 1843 95 beweisen und können auch belegen, dass die Angaben, die Herr

721 2555 1835 75 Frey in seinem Artikel macht, unwahr sind. Im übrigen messen

715 2671 1900 84 wir dem Artikel keine Bedeutung bei, da sowohl die Zeitschrift

722 2762 1941 82 als die Person, die den Artikel verfasst hat, zu wenig Beachtung

722 2864 238 96 finden.

1928 2906 356 92 Hochachtend

2024 2973 198 61 BASLER

1535 3018 1053 115 RHALNSCHHFAHRT-AXTIENGESELISCHAFT

1668 3073 443 186 W

2529 239 77 112 3
