2009 2883
1614 171 167 142 37

1110 283 369 109 den 24. Mai

1627 266 87 109 8.

926 433 563 111 Herrn Dr.R. Speich

776 544 849 73 Präsident der Basler Rhein-

943 600 501 82 schiffahrt A,-G.

1049 682 577 98 Schweiz. Bankverein

1373 778 313 91 Base l

277 940 923 100 Sehr geehrter Herr Dr. Speich.

925 1033 751 124 Unter Bezugnahme auf un-

306 1147 1389 104 sere heutige telephonische Besprechung beehre

298 1244 1195 93 ich mich, Ihnen mitfolgend den in Frage

292 1342 1471 116 stehenden Brief der Basler Rheinschiffahrt A.-G.

291 1449 1203 113 d.d.3, Mai in Abschrift zu übermitteln.

683 1549 1003 101 Ich habe heute den in den Rhein-

295 1655 1318 104 quellen erschienenen Artikel des Herrn Jean

295 1752 1330 107 Richard Frey über Aenderungen der Personen-

308 1841 1375 102 schiffahrt Basel-Rheinfelden nochmals gelesen

294 1965 1399 87 und gebe zu, dass es besser gewesen wäre, die

293 2056 1364 97 ganze Angelegenheit nicht mehr publizistisch

292 2162 1352 88 zu behandeln. Ich gebe auch zu, dass die Aus-

299 2256 1306 79 führungen des Herrn Frey in der Form nicht

299 2357 1397 87 durchwegs glücklich sind. Auf den materiellen

292 2468 1323 116 Inhalt möchte ich deswegen nicht eintreten,
