1956 2860
338 344 1441 113 Beziehungen zu der Basler Rheinschiffahrt A.-G.

335 463 1313 108 habe erteilen können. Was in den Vorstands-

343 571 1331 88 sitzungen und in der Generalversammlung vom

334 669 1259 84 Präsidium aus mitgeteilt worden ist, ent-

338 774 1178 77 spricht in allen Teilen den Tatsachen.

641 859 944 114 Sie werden mit mir einig gehen.

331 967 1300 100 dass der Tenor des Briefes Ihrer Direktion

332 1063 1361 93 ungewähnlich persönlich und gehässig ist. Ich

332 1180 1394 69 würde es namentlich bedauern, wenn der Verein

336 1267 1422 71 für die Schiffahrt auf dem Oberrhein, der ganz

340 1369 1258 87 allgemein der Förderung der Schiffahrt auf

334 1461 1248 96 dem Rheine dienen will, dadurch bei Ihnen

319 1564 1316 99 und dem Schweizerischen Bankverein in Miss-

330 1660 1267 92 kredit geriete, dass Ihre Direktion einen

333 1776 1306 84 ihr nicht zusagenden Artikel des Sekretärs

327 1881 1273 72 dieses Vereins zum Ausgangspunkt für eine

337 1966 846 99 persönliche Campagne macht.

636 2061 1081 111 Sie sind wohl so freundlich, diesen

329 2152 1361 104 Brief als persönlich zu betrachten; denn ich

332 2263 1302 121 möchte vermeiden, dass diesem persönlichen

326 2371 1263 87 Angriff Ihrer Direktion eine grössere Be-

327 2471 1299 87 deutung beigemessen wird, als ihm zukommt.
