2919 3608
1803 698 788 141 Basel, den 24. Mai 1928.

1120 861 199 115 Herrn

1447 966 856 124 Direktor Werner Stauffacher

1359 1072 1249 110 Präsident des Vereins für die Schiffahrt

1715 1151 553 77 auf dem Oberrhein

2115 1215 308 88 Basel

804 1378 619 112 Sehr geehrter Herr.

1671 1477 929 107 Ich sehe mich veranlasst, Ihnen

819 1598 1734 78 mitfolgend in Abschrift einen mir zugegangenen Brief der

819 1691 1811 110 Basler Rheinschiffahrt A.-G. nebst meiner Antwort zur gefl.

829 1768 897 152 Kenntnisnahme zu übermitteln.

1369 1853 1295 144 Herr Dr. Spich, Präs dent der Basler Rhein-

824 1993 1848 92 schiffahrt A.-G., bei dem ich mich über den Brief der Basler

819 2082 1670 87 Rheinschiffahrt A.-G. beschwert habe, ist offenbar von

825 2179 1827 96 Herrn Groschupf sehr einseitig über die Verhältnisse orien-

836 2302 1707 92 tiert worden und hat mir erklårt, er werde dafür Sorgen.

837 2371 1715 128 dass der Schweizerische Bankverein inskünftig dem Verein

831 2468 1839 99 für die Schiffahrt auf dem Oberrhein keinerlei Unterstützung

824 2593 1821 91 mehr leihe. Glauben Sie nicht, dass im Interesse des Vereins

837 2688 1698 95 für die Schiffahrt auf dem Oberrhein der Schweizerische

832 2782 1762 126 Bankverein über die wirkliche Situation aufgeklärt werden

834 2901 1825 106 sollte? Es handelt sich hier eben wieder um eine der vielen

831 2968 1554 136 Firaden, die wir bei Herrn Groschupf gewohnt sind.

1374 3076 1283 134 Ich lege Ihnen zu Ihrer Orientierung auch
