2656 3259
2018 219 465 171 AUSERSTUS a 112

1446 563 789 144 Basel, den 31. Mai 1928.

936 815 717 117 Herrn Dr. Max Vischer.

1456 919 584 119 St. Albangraben 8,

1768 1075 397 133 B ASEL.

639 1272 612 120 Sehr geehrter Herr,

945 1368 1356 130 Ich danke Ihnen für Ihr Schreiben vom 30.ds.

648 1480 1685 94 und für die Kopie des Briefes von Herrn Dr. Speich, mit

632 1613 1740 85 welchem die Angelegenheit für Sie erledigt ist. Freilich

639 1685 1770 117 pflichte ich Ihnen bei, dass Sie berechtigt gewesen wären,

635 1768 1000 133 eine Entschuldigung zu erwarten.

935 1908 1452 96 Was nun die Stellung des Vereins für die Schif-

634 1996 1760 83 fahrt auf dem Oberrhein anbelangt, so werde ich vorläufig

640 2097 1832 105 nichts unternehmen, sondern sehen, ob die geforderte Berich-

632 2208 1852 64 tigung uns eingesandt wird oder nicht und dann eventuell auf

616 2303 734 114 die Sache zurückkommen.

924 2411 1482 105 Mit meinen freundlichsten Grüssen verbleibe ich

1635 2521 522 112 hochachtungsvoll

1768 2625 136 81 Ihr

1631 2695 656 166 Aarffarte
