2660 3613
1622 180 570 107 G1918

2239 245 63 58 138

964 249 633 59 DIE RHEINQUELLEN

242 310 30 41 i

1314 373 1019 74 rend die geschiebeführende Querschnittsfläche (Fa)

244 379 1011 60 Abb. 3 dargestellte Grundform des geschiebefüh¬

1323 430 1015 53 nur noch wenig grösser wird. Die Umlagerung der

237 434 432 69 1enden Querschnittes.

1311 469 1031 57 Stromsohle durch die Geschiebebewegung wird

1324 515 1004 61 schroffer und erreicht ihr grösstes Mass ungefahr

1314 560 1020 55 bei km 105. Hier bilden sich auch die tiefsten Kolke,

1317 611 1011 53 denen durchweg hohe Kiesbänke gegenüberliegen

1323 650 1000 54 Fa und Fb nehmen bis ungefähr km 185 langsam

1318 706 1019 47 und von km 185 an, wo auch der durchschnittliche

687 709 120 77 Abb. 3

1328 742 998 52 jährliche Weg der Geschiebebänke kleiner wird, ra¬

1328 792 995 50 scher ab. Die Kolktiefen werden von km 105 an ge

317 801 926 61 Vimmt man als Vergleichsbasis eine die beider

1326 834 113 59 ringer

238 853 1013 54 seitigen tiefsten Kolke verbindende gestrichelte Ge

1387 868 956 65 Die Darstellungen der Abb. 4, in der auch die

247 894 1011 51 rade an, dann stellt die punktierte Fläche denjeni-

1318 930 1016 61 Veränderungen der Höhenlage der Sohle durch die

238 955 1011 41 gen Teil des Querschnittes dar, in dem Geschiebe

1322 973 1009 58 Korrektion als schematischer Längenschnitt wieder-

240 982 1015 56 bewegung überhaupt vorkommt, während der Teil

1327 1024 1010 59 gegeben sind, bieten ein übersichtliches Bild der

240 1028 1021 54 zwischen der Vergleichsbasis und der schraffierten

1326 1064 1014 59 ganzen Geschiebebewegung. In der Erosionsstrecke

251 1073 998 60 Umhüllungskurve an dieser Bewegung nicht meh

1323 1111 1005 50 ist bei nur kleinem Weg der Geschiebebänke der

249 1124 1004 52 teilnimmt. Er stellt einen Kiesrücken dar, der mit

1331 1150 1013 62 leste Kern verhältnismässig klein, der grösste Teil

245 1172 1005 50 ten im Strom liegt und in seiner Richtung im we

1327 1205 1008 47 des Querschnitts ist geschiebeführend. Der Höhen¬

238 1213 1010 47 sentlichen mit der Stromachse zusammenfallend

1326 1244 1008 47 unterschied innerhalb des Querschnitts zwischen

243 1252 1011 67 gleichsam als «fester Kern» der Stromsohle er

1330 1284 1002 55 Kolk und Kiesbank beträgt durchschnittlich 7—8 m

245 1307 139 50 scheint

1324 1331 1013 54 Stromabwärts, wo das oberhalb erodierte Geschiebe

308 1321 937 74 Für den Teil des Stromes, in welchem die Kies

1320 1375 1012 64 gefördert werden muss, wird mit der rascheren Tal¬

869 1386 384 53 von Istein bis Det

789 1400 49 38 —

253 1389 537 59 bankwanderung vorkommt

1327 1420 1018 53 wärtsbewegung der Geschiebebänke der Anteil des

496 1430 759 50 wurde in einzelnen, der Uebereinstim

412 1443 56 35 —

257 1438 152 53 enheim

1325 1466 1017 53 festen Kernes grösser, die Stromkraft wird in der

240 1490 1023 49 mung wegen möglichst in der Geraden oder nur in

1327 1514 1011 57 sich nahezu gleichbleibenden geschiebeführenden

253 1533 1014 42 schwacher Krümmung liegenden Stromstrecken die

1327 1556 1005 58 Fläche zur Fortbewegung der Geschiebemassen auf

251 1569 1012 58 Grösse der geschiebeführenden Fläche Fa und die¬

1327 1601 1006 55 gebraucht. Der Unterschied zwischen Kolk und

252 1614 996 57 jenige des festen Kernes Fb nach den Querschnitts

1329 1650 1002 45 Kiesbank ist grösser. Ungefähr bei km 210 werder

244 1657 1018 60 aufnahmen berechnet und in Abb. 4 zeichnerisch

1318 1696 1020 44 diese Unterschiede wieder geringer und der feste

244 1708 1019 55 dargestellt, wobei auf der Abszisse die Kilometer

1333 1737 996 58 Kern hat nahezu den gleichen Anteil am Quer

244 1748 1023 52 des Stromes aufgetragen sind. Hieraus geht hervor,

1323 1793 675 47 schnitt wie in der Erosionsstrecke.

254 1796 1011 45 dass die geschiebeführende Fläche und die Fläche

1392 1828 937 55 Die Untersuchungen über das Wandern der Ge

252 1842 1018 46 des festen Kerns stromabwärts grösser werden, bis

1324 1868 1022 64 schiebebänke haben sich in der Strecke zwischen

245 1894 1015 44 ungefähr km 55 (Breisach) in nahezu gleichen

1328 1924 1003 53 Kehl und Sondernheim nur bis zum Jahre 1906 er

250 1928 1020 54 Mass: das Verhältnis Fa/Fb ist nahezu konstant und

1333 1975 998 45 streckt. Die im Jahre 1907 begonnene Niederwas

248 1976 1016 51 stellt daher angenähert eine Horizontale dar. Von

1327 2018 1013 50 serregulierung hat durch die Festlegung einer Nie¬

253 2021 1005 54 hier an, wo die Erosion geringer wird, der durch

1327 2058 1018 55 derwasserrinne die Wanderung der Geschiebebänke

244 2059 1017 55 schnittliche jährliche Weg der Geschiebebänke je¬

1325 2104 1006 48 unterbunden und die Abflussquerschnitte umge

257 2110 1013 52 doch nahezu sein grösstes Mass erreicht hat, steigt

1333 2150 125 55 staltet.

244 2163 1011 47 die Grösse des festen Kernes (Fb) scharf an, wäh

1132 2248 1145 87 Personenschiffahrt in Basel

311 2252 808 89 Aenderungen in der

1333 2366 1002 72 zitierten Briefen geht hervor, dass die Absicht zu einer Be

329 2380 946 62 Wir werden um Aufnahme folgender Einsendung ersucht:

1339 2427 995 43 riebsgemeinschaft unserseits durchaus loyal war. Wir schrie

317 2430 954 52 In No. 4 Ihrer Zeitschrift machen Sie in einem redak¬

1325 2461 1010 41 ben in unserm Brief vom 16. Februar 1926 an den Vize

253 2468 1018 47 tionell gezeichneten Artikel Angaben über die Aenderungen

1325 2496 1016 45 Präsidenten der Personenschiffahrtsgesellschaft, dass wir ein

253 2508 1016 47 in der Personenschiffahrt Basel—Rheinfelden, die unrichtige

1324 2534 1022 42 Boot in Auftrag gegeben hätten, und das Boot dazu bestimmt

250 2549 1021 41 Darstellungen enthalten, die geeignet wären, unserm An¬

1333 2568 1014 49 sei, Kanalschiffe zu verschleppen, dass es aber nebenbei, da

259 2587 298 44 sehen zu schaden.

1324 2607 1013 50 wir eine Erwerbsgesellschaft seien, im Personengeschäft Gele

322 2609 939 51 Sie behaupten in Ihrem Artikel, die Personenschiffahris

1338 2640 799 43 verdienen müsse. Wir schrieben dann wörtlich

262 2658 1004 41 gesellschaft habe uns im Jahre 1927 eine Betriebsgemein¬

1438 2672 896 44 .... Wir sind nun natürlicherweise als Erwerbsgesell

253 2697 1023 36 schaft offeriert, die jedoch dadurch gescheitert sei, dass wir

1364 2719 981 40 schaft darauf angewiesen, mit dem Boot möglichst viel zu

262 2728 1002 48 schroffe und unannehmbare Bedingungen gestellt haben. Ir

1360 2748 985 45 verdienen. Da die Basler Personenschiffahrtsgesellschaft in

246 2762 1018 44 dieser Form ist diese Mitteilung falsch. Wir zitieren Ihner

1373 2790 971 37 der gleichen Lage ist, so wäre zu untersuchen, ob nicht im

263 2801 999 39 einige Briefe aus unserer mit der Basler Personenschiff

1361 2824 986 41 Personenbeförderungsgeschäft ein Zusammenarbeiten mög¬

253 2836 1011 47 fahrtsgesellschaft geführten Korrespondenz, um Ihnen zu be

1372 2857 651 39 lich und für beide Teile nützlich wäre.

253 2871 791 45 weisen, dass Ihre Darstellungen unrichtig sind

1441 2882 899 49 Wir haben eine Geschäftsorganisation, die auf dat

325 2907 948 44 Am 10. Februar 1926, dem Datum, an dem wir das Die¬

1361 2928 977 41 Schiffahrtsgeschäft zugeschnitten ist. Die Personenbeförde

249 2952 1024 42 selboot «Vogel Gryff» bei der Werft bestellten, schrieben

1370 2964 974 40 rung wird im Sommer von einer besondern Geschäftsabtei¬

263 2986 1010 43 wir an die Direktion der Internationalen Ausstellung für

1367 3005 981 43 lung übernommen. Das Personal, das wir für unsere Schiffe

253 3023 989 44 Binnenschiffahrt und Wasserkraftnutzung u. a. folgendes:

1360 3046 994 34 engagieren, wird selbstverständlich von uns das ganze

373 3070 905 45 ... Falls die Personenschiffahrtsgesellschaft damit

1361 3073 983 41 Jahr benötigt und entsprechend angestellt werden. Je nach

289 3096 984 48 einverstanden ist, würden wir mit ihr über ein Zusammen¬

1361 3111 985 42 der Art, in der ein Zusammenarbeiten organisiert wird.

295 3139 978 52 arbeiten der «Rheinfelden» mit unserm neuen Boot Ab¬

1370 3139 980 49 sind wir unter Umständen auch in der Lage, das Perso¬

285 3165 343 57 machungen treffen.»

1366 3178 977 44 nal der «Rheinfelden» das ganze Jahr über zu beschäfti¬

1363 3218 992 55 gen. Dies wäre natürlich auch für. die Personenschiffahrt

325 3198 946 65 Es geht daraus hervor, dass der Wille zu einer Betriebs¬

1375 3252 410 65 ein sehr grosser Vorteil.

259 3252 1019 56 gemeinschaft von uns ausgegangen ist. Aus den folgenden

2332 176 150 84 44
