2675 3614
325 243 92 66 140

1034 252 627 47 DIE RHEINQUELLEN

431 369 903 52 Wir wenden uns an Sie, um von Ihnen zu hören, ob

1383 378 1023 47 setzen werde, dass er uns aber immerhin jetzt schon darauf

340 416 989 45 die Personenschiffahrtsgesellschaft grundsätzlich bereit

1385 422 1013 43 aufmerksam mache, dass die Widerstände grösser zu sein

360 452 962 38 väre, in irgendeiner Form mit uns zusammen zu arbeiten

1398 453 519 42 cheinen, als er bisher glaubte.

353 487 964 42 Sollte dies der Fall sein, so würden vielleicht Besprechun

1460 484 938 46 Während dieser Verhandlungen, aus denen zur Genüge

350 525 975 50 gen zur Abklärung der Form des Zusammenarbeitens statt¬

1392 533 1014 33 hervorgeht, dass es uns durchaus darum zu tun war, mit

350 559 122 48 finden.

1390 564 1017 41 der Personenschiffahrtsgesellschaft auf anständiger Basis eine

392 586 934 56 Am 4. März 1926 teilten wir dem Vize-Präsidenten der

1385 599 1009 37 Betriebsgemeinschaft herbeizuführen, führte der Präsiden

321 631 579 47 Personenschiffahrtsgesellschaft mit

1387 635 1016 37 der Personenschiffahrtsgesellschaft Unterhandlungen mit der

434 666 893 45 Wir sind der Ansicht, dass es im Interesse aller Be¬

1382 669 1015 45 Schweizer Schleppschiffahrtsgenossenschaft über die Indienst¬

346 707 978 40 teiligten liegt, wenn die beiden Schiffe «Vogel Gryff» und

1392 705 1003 43 stellung eines zweiten Bootes. Ausserdem kaufte er das Schif

355 742 965 44 Rheinfelden» während der Internationalen Ausstellung für

1397 740 1009 40 Albatros», alles in der Absicht, uns damit aus dem Feld zu

347 775 970 43 Binnenschiffahrt und Wasserkraftnutzung in Basel gemein

1391 776 142 47 schlagen.

360 812 950 39 am betrieben werden. Nur ein gemeinsamer Betrieb ei

1464 816 942 48 Nachdem die von uns angeregte Betriebsgemeinschaft

344 847 973 42 laubt Ausnützung aller Verdienstmöglichkeiten, die für

1391 855 1012 37 von der Personenschiffahrtsgesellschaft abgelehnt worden

344 884 973 45 die beiden Personenschiffe dieses Jahr vorhanden sind

1394 890 1004 40 war und nachdem wir ja vorher ausdrücklich diese Gesell¬

360 918 970 41 Wir erwähnen nur die grossen Vorteile, die beide Schiffe

1388 929 1007 41 schaft auf unsere eventuelle Konkurrenzierung aufmerksan

350 955 968 43 daraus ziehen, dass sie gelegentlich ausgetauscht werden

1379 961 1018 42 gemacht hatten, hatten wir natürlich kein Interesse mehr

347 990 976 39 können, je nach der Eignung der Schiffe für besondere

1392 996 1005 38 weiter an diese Gesellschaft zu gelangen und nahmen eben

349 1027 968 39 Fahrten, zum Beispiel Hafenfahrten, Fahrten nach Rhein

1398 1030 993 42 vie vorausgesagt, die Konkurrenz auf. Die Personenschiff

353 1061 964 43 felden, eventuell auch Fahrten nach Strassburg. Die Werbe

1392 1065 1008 44 fahrtsgesellschaft hatte in der Folge ungünstige Bilanzen auf¬

347 1097 981 44 tätigkeit, sei es durch Reklame oder durch Abmachungen

1386 1107 1005 42 zuweisen und es wurden seitens ihres Präsidenten mit un

343 1136 980 39 mit der Ausstellung und mit der Abteilung für Personen¬

1384 1142 1007 43 serm Präsidenten neue Verhandlungen anzubahnen gesucht

360 1173 964 43 terkehr der SBB über kombinierte Karten für Eintritt in

1392 1175 1011 38 Diese Verhandlungen führten allmählich dazu, dass wir der

343 1209 983 37 die Ausstellung, Eisenbahnfahrt und Hafenfahrt auf dem

1386 1212 1010 40 Personenschiffahrtsgesellschaft Betriebsgemeinschaft, Miete

341 1244 982 55 Rhein ist überhaupt nur rationell zu organisieren, wenn

1392 1254 999 40 oder Kauf ihres Schiffes vorgeschlagen haben. Unser Vor

344 1280 691 38 die Schiffe gemeinsam betrieben werden.

1388 1283 1013 40 schlag erfolgte mit Hinweis auf die schlechte Lage der Per¬

425 1311 898 48 Mit Rücksicht auf diese Ueberlegungen erklären wir

1383 1318 1023 47 scnenschiffahrtsgesellschaft. Anfänglich stiess er aus den

348 1351 966 39 uns grundsätzlich bereit, für die Zeit vom 1. Juli diese

1382 1362 1013 38 gleichen Gründen, die die Personenschiffahrtsgesellschaft zu

359 1388 955 43 Jahres bis Schluss der Personenschiffahrtssaison, zirk:

1384 1393 1007 44 der Ablehnung der von uns vorgeschlagenen Betriebsgemein

345 1419 978 53 1. Oktober, eine Betriebsgemeinschaft mit der Personen¬

1391 1428 1007 42 schaft geführt hatten, auf Widerstand. Nach und nach

356 1456 357 47 schiffahrt einzugehen.

1395 1463 997 40 chaffte sich jedoch die Ansicht Bahn, dass eine Abtretunz

390 1482 933 52 Wir schlugen im gleichen Schreiben u. a. für diese Be¬

1382 1504 1009 38 des Schiffes bei der gegenwärtigen schlechten finanzieller

308 1532 552 52 triebsgemeinschaft folgendes vor

1391 1535 1006 42 Lage der Personenschiffahrtsgesellschaft am geeignetsten sei.

1383 1573 1024 46 Die Generalversammlung der Gesellschaft genehmigte dann

337 1572 406 51 1. Gemeinsamer Betrieb

1382 1606 616 40 den Verkauf an unsere Gesellschaft.

422 1618 894 44 Die Leitung eines gemeinsamen Betriebes wird eine

1460 1630 936 54 Wenn Sie nun in Ihrem Artikel schreiben, dass die Kon¬

343 1656 987 39 kleinen Kommission, bestehend aus je ein bis zwei Herren

1382 1681 1016 40 kurrenzierung der Personenschiffahrtsgesellschaft durch uns

352 1692 972 48 von jeder Gesellschaft, übertragen. Diese entscheiden

1375 1712 1026 45 als wenig generös und ritterlich empfunden werden könne,

344 1729 973 38 selbständig über alle Betriebsfragen. Sie setzen die Fahr

1391 1753 1012 41 so nehmen wir ohne weiteres an, dass nach der erfolgten

347 1770 964 43 preise fest, ebenso wie die Fahrpläne. Sie führen die ge

1382 1790 1009 42 genauen Darlegung der Umstände dieser Vorwurf für un

344 1802 970 45 samte Werbetätigkeit durch. Wenn sie es für nötig erach

1383 1824 1011 39 chne weiteres dahinfällt, denn es dürfte einzig sein, dass eine

348 1836 972 47 ten, sind sie berechtigt, einen Teil ihrer Befugnisse einem

1379 1860 1020 38 Konkurrenzgesellschaft die andere zuerst auf die Folgen der

353 1872 973 39 Betriebschef, den sie ernennen, zu übertragen. Die gesam¬

1389 1897 1011 43 Konkurrenz aufmerksam macht, wie wir es getan haben, und

338 1909 985 43 ten Kosten der Betriebsrechnung gehen zu Lasten der Ge¬

1385 1936 1015 38 in jeder Beziehung bereit ist, sich mit dem Konkurrenten

348 1949 339 42 meinschaftsrechnung

1382 1969 265 46 zu verständigen

344 1989 195 49 2. Personal.

1446 2001 957 46 Sie schreiben, der Personenschiffahrtsbetrieb in Basel

414 2027 911 51 Die Basler Rheinschiffahrt-Aktiengesellschaft stellt das

1387 2044 1007 39 sei nun vom Boden der Gemeinnützigkeit auf den Boden des

344 2074 970 44 für den Betrieb nötige Personal ein. Sie übernimmt die

1392 2082 1004 40 privatwirtschaftlichen Geschäftsegoismus hinübergerutscht

350 2111 973 38 Verpflichtung, Kapitän und Maschinist des Bootes «Rhein¬

1384 2116 1012 44 Wir überlassen es ruhig dem Publikum darüber zu urteilen.

342 2145 703 43 felden» für das ganze Jahr anzustellen.»

1375 2154 1022 46 wer mehr Gemeinnützigkeit ausübt, die Personenschiffahrts¬

386 2175 837 47 Am Schlüsse des gleichen Briefes schrieben wir:

1385 2188 1008 42 gesellschaft oder wir, mit unsern auch nach Verschwinder

413 2215 899 47 .... Sollte wider Erwarten ein Zusammenarbeiten au

1391 2228 999 37 ler Konkurrenz sehr billigen Fahrpreisen. Wir denken, je

341 2264 979 38 uns unverständlichen Gründen nicht möglich sein, so ge¬

1383 2263 1019 39 billiger das Publikum fahren kann, desto mehr nähert sich

344 2293 970 42 statten wir uns darauf hinzuweisen, dass bei einem all

1383 2299 927 46 das Unternehmen einem gemeinnützigen Unternehmen

347 2324 973 44 fälligen Konkurrenzkampf das Boot «Vogel Gryff» infolge

1784 2340 208 57 Hochachtene

347 2367 970 41 seiner vielseitigeren Verwendung und seines über 1 niedri¬

1667 2392 692 48 Basler Rheinschiffahrts Aktiengesellschaft

344 2404 973 47 geren Preises jedenfalls dem Boot «Rheinfelden» wesent

349 2433 364 53 lich überlegen ist. ...

1838 2439 94 45 Ritter

2062 2437 175 56 Groschupf

423 2461 897 49 Es ist auch zu befürchten, dass die ganze Personen¬

348 2504 972 51 schiffahrt in Misskredit gerät, wenn eine Verständigung

1448 2512 953 52 Nachschrift der Redaktion. Wir haben der Erwiderung

350 2543 433 44 nicht zustande kommt....

1388 2543 999 47 der «Basler Rheinschiffahrts-A.-G.» hier Raum gegeben, trotz

384 2571 932 50 Unsere Vorschläge wurden von der Personenschiffahrts

1385 2585 1009 40 dem sie u. E. den Gang der Verhandlungen einseitig schil¬

304 2619 1013 36 gesellschaft aus persönlichen Gründen nicht angenommen

1386 2621 1012 38 dert und einiges verschweigt, was zum besser Verständnis

309 2650 1016 37 Um trotz dieser persönlichen Schwierigkeiten einen Weg zu

1375 2657 1019 38 der Sache notwendigerweise gesagt werden muss. In der Ein¬

318 2687 1002 36 finden, hat der Vize-Präsident der Personenschiffahrtsgesell¬

1384 2693 1012 38 sendung werden von der «Basler Rheinschiffahrts-A.-G.» alle

312 2723 1002 42 schaft der Direktion der Internationalen Ausstellung für Bin

1391 2730 1001 39 ene Stellen aus ihrer eigenen Korrespondenz zusammen

309 2759 1017 46 nenschiffahrt und Wasserkraftnutzung in einer Besprechung

1385 2769 1005 42 getragen, aus denen hervorgehen soll, dass die Gesellschaf

311 2797 1000 43 aller Interessenten vorgeschlagen, dass ein Ausstellungskomi

1386 2810 1004 40 zu einer Betriebsgemeinschaft bereit gewesen sei. Von der

317 2838 1003 36 tee die beiden Schiffe «Rheinfelden» und «Vogel Gryff» zum

1376 2840 1015 41 mündlichen Verhandlungen und den Schwierigkeiten, die sich

315 2868 1010 40 Betrieb übernimmt. Wir haben in einem Schreiben vom

1384 2875 1007 46 ihnen in den Weg legten, berichtet aber die Einsendung

308 2905 1009 42 24. März an diese Direktion uns bereit erklärt, auch auf diese

1375 2909 1018 38 nichts. Es ist nicht das Wesentliche, dass die «Basler Rhein¬

314 2937 997 46 Weise unser Boot zur Verfügung zu stellen und haben ferne

1376 2952 1012 41 schiffahrts-A.-G.» zu einer Betriebsgemeinschaft sich berei

301 2978 1015 34 mitgeteilt, dass wir selbstverständlich bereit seien, andere

1385 2983 1005 40 erklärt hat, sondern das Wesentliche liegt in den Bedingun

317 3009 994 43 Vorschläge zu prüfen, wenn wider Erwarten auch dieser un

1385 3019 1009 43 gen, unter denen diese Gesellschaft eine Betriebsgemeinschaf

307 3050 1010 39 seres Erachtens gute Vorschlag auf Widerstand stossen sollte

1376 3058 1012 45 eingegangen wäre, und diese Bedingungen eben sind es, die

329 3081 381 50 Wir schrieben wörtlich

1382 3091 999 38 eine Betriebsgemeinschaft vereitelt haben. Bei den ersten Ver

1376 3124 1015 45 handlungen hatte die «Basler Rheinschiffahrts-A.-G.» woh

386 3124 928 50 Wir möchten wirklich unsererseits alles tun, um eine

380 3160 647 38 Betriebsgemeinschaft zu ermöglichen.»

1388 3164 1003 38 eine kleine Betriebskommission vorgeschlagen, sich aber die

1392 3201 1002 38 Instellung des Kapitäns und Maschinisten des der «Perso¬

383 3197 925 43 Am 29. März 1926 teilt uns der Vice-Präsident der Per

1388 3232 1012 41 nenschiffahrtsgesellschaft» gehörenden Bootes «Rheinfelden»

307 3239 1001 41 sonenschiffahrtsgesellschaft mit, dass er seinerseits seine Be

1384 3272 1010 49 vorbehalten, wodurch praktisch bei der Betriebsregelung der

302 3277 1006 52 mühungen für den Abschluss einer Betriebsgemeinschaft fort
