2919 3608
2441 233 134 165 4

1582 535 807 85 Basel, den 20. Juli 1929.

864 664 1064 120 An die Basler Rheinschiffahrt A.G.

1757 769 329 85 Basel

1216 953 1409 110 Die unterzeichnete Basler Personenschiffahrts-

607 1072 1920 101 gesellschaft in Basel und der unterzeichnete Kur- und Verkehrs-

601 1193 1915 85 verein Rheinfelden sehen sich sowohl im eigenen Namen als auch

616 1282 2012 90 im Auftrage der Gemeinde Kaiseraugst veranlasst, Ihre Gesellschaft

602 1379 1943 85 neuerdings an die Einhaltung der von Ihnen im Kaufvertrage über

601 1491 1843 108 das Motorboot" Rheinfelden" vom 26. April 1928 übernommenen

611 1581 871 101 Verpflichtungen zu erinnern.

1212 1684 1486 78 Gemäss Art. 5 des vorerwähnten Kaufvertrages ist

606 1783 2020 81 Ihre Gesellschaft verpflichtet, die Schiffahrt nach Rheinfelden in

615 1896 2061 85 dem bisherigen von der Basler Personenschiffahrtsgesellschaft durch-

607 1992 1938 96 geführten Masse aufrecht zu erhalten. Dabei war die Meinung der

608 2082 1987 109 Parteien die, dass sowohl die Anzahl der Fahrten als auch die An-

614 2189 1959 65 zahl der bedienten Stationen die gleiche bleiben müsse. Trotzdem

612 2276 2033 90 wird die Station Kaiseraugst von Ihnen in letzter Zeit wieder unbe-

608 2386 481 89 dient gelassen.

1204 2478 1447 96 Infolge dessen wird Ihnen hiemit zur Wiederauf-

613 2582 2077 94 nahme der Bedienung dieser Station eine letzte Frist von 8 Tagen ge-

611 2674 2082 85 setzt. Sollte bis zum 1. August 1929 die regelmässige Bedienung dieser

620 2790 2018 104 Station nicht wieder aufgenommen sein, müsste gegen Sie der Rechts-

614 2905 1956 72 weg beschritten werden. Ausserdem behalten sich die Geschädigten
