2845 3796
2430 185 153 174 48

732 269 1411 96 Basler Rheinschiffahrt-Aktiengesellschaft

1332 359 217 97 Basel

391 444 2093 85 STRASSBURG - KEHL - KARLSRUHE - MANNHEIM - KÖLN - DUISBURG-RUHRORT - ROTTERDAM - ANTWERPEN

1530 864 747 125 Basel, den 7.Sept.1932

496 1044 323 93 DIREKTION

1537 1093 147 91 Herr

1537 1153 734 77 Dr.M.Vischer-von Planta

1543 1229 273 67 Basel

1549 1263 411 102 Albangraben 8

664 1435 722 108 Betr.Personenschiffahrt

662 1647 579 119 Sehr geehrter Herr

1297 1736 1083 77 Wir erlauben uns, auf das Gespräch

677 1807 1691 105 zurückzukommen, das Sie in Ihrer Eigenschaft als Präsi-

679 1892 1755 87 dent der Personenschiffahrtsgesellschaft mit Herrn Schiff-

670 1980 1773 78 bauingenieur Ryniker geführt haben über die Verwendung des

680 2057 1814 77 restlichen Genossenschaftskapitales der Personenschiffahrts-

670 2142 437 113 gesellschaft .

970 2221 1463 76 Mit der Eröffnung des Kraftwerkes Kembs ist eine

669 2291 1796 90 Belebung der Personenschiffahrt zu erwarten, der das jetzt

688 2374 1786 90 vorhandene Schiffsmaterial nicht mehr genügen dürfte. Neben

677 2450 1705 97 der täglichen Führung eines Kurses nach Rheinfelden wird

675 2546 1721 78 die Führung eines Kurses nach Kraftwerk Kembs nötig sein

677 2612 1762 84 so dass ausschliesslich für den Personenverkehr zwei Boote

680 2689 1727 90 vorhanden sein müssen. Wir haben uns aus dieser Erwägung

683 2783 1700 69 heraus entschlossen ein weitres nur für den Personenver-

679 2851 1646 93 kehr bestimmtes Boot anzuschaffen und hatten dabei die

672 2929 1783 87 Idee , dass bei dieser Gelegenheit das noch ca Frs 33.000.-

677 3020 1754 85 betragende Genossenschaftskapital der Personenschiffahrts-

687 3078 1579 95 gesellschaft seiner ursprünglichen Zweckbestimmung -

690 3164 1680 107 Betrieb und Entwicklung der Personenschiffahrt - wieder

686 3248 757 107 zugeführt werden könnte .
