2844 3798
956 497 1378 81 Wir hatten uns diese Wiederzuführung so vor =

651 580 1802 72 gestellt, dass uns die Personenschiffahrtsgesellschaft die

649 679 1736 70 noch verfügbaren Frs 33.000.- als festverzinsliches Dar =

665 748 1667 73 lehen zu noch zu vereinbarenden Bedingungen für den Bau

653 822 1798 87 des erwähnten zweiten Personenschiffes zur Verfügung stellt

657 898 1644 67 Dadurch setzten sie uns in die Lage diesen Neubau ohne

672 985 1697 70 eigene Mittel durch zuführen - für den Rest der Bausumme

660 1049 1753 89 ist uns eine Hypothek zugesichert. Durch unsere guten Be-

660 1145 1723 79 ziehungen ist es uns gelungen bei einer grossen Werft ein

666 1213 1632 83 ausnahmsweise billiges Schiffsangebot zu erhalten, so

658 1300 1699 73 dass diese Neuanschaffung trotz Krisis und der bekannten

657 1372 1707 68 Eigenart des ganzen Basler Personenschiffahrtsgeschäftes

653 1444 802 82 verantwortet werden kann.

967 1539 1450 89 Das projektierte Schiff soll ein ausgesprochenes

669 1604 1695 75 Schnellschiff werden, so dass es möglich sein wird, am

653 1701 1765 74 gleichen Nachmittag zwei Fahrten nach Rheinfelden und nach

663 1773 1727 73 Kembs auszuführen, womit einem alten Wunsch insbesondere

660 1844 1734 81 der Rheinfelder, aber auch des Basler Publikumd Rechnung

659 1937 1646 75 getragen wird Wir versprechen uns von der Verkürzung

659 2000 1697 74 der Fahrzeit eine Belebung des Verkehrs aus den ganz na=

660 2079 1728 87 türlichen Gründen, weil es nicht jedermanns Sache ist an

654 2169 1758 77 heissem Sommertag zwei Stunden auf einem Schiff zu sitzen,

664 2241 1648 79 das infolge seiner verhältnissmässigen Kleinheit wenig

652 2336 1621 72 Bewegungsmöglichkeit für die Passagiere bietet, dann

659 2406 1695 77 aber auch dürfte die Verlängerung der Aufenthaltszeit an

669 2478 1658 77 der Endstation anziehend wirken und schlussendlich wird

664 2555 1644 72 es uns möglich sein, das Rheinfelderstrandbad früher zu

659 2643 1618 70 erreichen, als dies bis jetzt der Fall war, wodurch

660 2725 1741 96 ein Grossteil der jetzt die Bahn benützenden Strandbädler

663 2807 905 61 aufs Schiff abwandern werden.

970 2872 1384 87 Wenn wir richtig gehört haben, sind Sie per =

660 2958 1637 91 sönlich unserer Darlehensidee nicht abgeneigt, ebenso

665 3037 1888 66 soll eine Reihe von Vorstandsmitgliedern und Genossenschaftern

665 3113 1704 81 unserm Vorschlage freundlich gesinnt sein. Ohne Zweifel

663 3203 1858 72 würde sich Ihre Gesellschaft durch die von uns vorgeschlagene

651 3273 1691 76 Mitwirkung unbestreitbare Verdienste um die Entwicklung

651 3354 1070 84 der Basler Personenfahrt erwerben.
