2842 3799
2422 179 212 133 52

336 328 2186 114 BASLER RHEINSCHIFFAHRT AKTIENGESELLSCHAFT

330 461 1020 94 BASEL * MARKTGASSE 5

344 652 2178 108 Telephon: No. 24.790 • Telegramm: Navibale • Postcheckkonto: V 3012 . Bankverbindung: Schweiz. Bankverein Basel

1752 812 790 89 Basel, den 4.Oktober 1932

1757 888 113 102 R/M

512 1019 695 83 Herrn Dr. Max Vischer,

525 1094 540 67 Advokat und Notar,

529 1135 311 55 Basel.

872 1144 46 68 —

526 1178 550 100 St. Albangraben 8.

802 1420 1541 113 Wir bestätigen den Empfang Ihres Schreibens vom 23.

523 1532 1924 92 September und haben mit Vergnügen davon Kenntnis genommen, dass

523 1616 1860 114 die Personenschiffahrtsgesellschaft grundsätzlich bereit ist,

524 1731 1876 116 uns den Betrag von Fr. 20/25.000.- als Darlehen zur Verfügung

524 1832 350 79 zu stellen.

806 1867 1533 161 Wir beabsichtigen, in der kommenden Saison die Per-

522 2023 1922 97 sonenschiffahrt sowohl nach Rheinfelden, als auch talwärts nach

529 2130 1965 97 Kembs und weiter bedeutend auszubauen. Wir haben zu diesem Zweck,

530 2216 1997 95 wie wir Ihnen bereits mitgeteilt haben, ein neues Schnellpersonen-

532 2323 2070 87 boot bestellt und haben uns ausserdem entschlossen, die "Rheinfelden"

515 2454 1903 88 mit zwei neuen, stärkeren Motoren auszurüsten. Sowohl das neue

522 2536 2016 100 Schiff als die umgebaute "Rheinfelden" werden statt der bisherigen

517 2619 2034 111 Geschwindigkeit von ca. 9 - 10 km gegen den Strom eine Geschwindig-

517 2746 2018 78 keit von 13 - 14 km im Strom und 25 - 27 km im stillen Wasser ent-

516 2835 2070 97 wickeln. Wir hoffen dadurch die Fahrzeit nach Rheinfelden wesentlich

519 2921 1984 114 abzukürzen, sodass wir an Sonn- und Feiertagen am Nachmittag, und

523 3032 1955 97 wenn der Bedarf vorhanden ist, eventuell auch am Vormittag, zwei

503 3123 1290 94 Fahrten nach Rheinfelden ausführenskönhen.

1327 3192 519 80 ode dev, Ienfel

781 3239 1755 91 Mit dem neuen Boot/ beabsichtigen wir regelmässig nach der

506 3337 2087 122 Schleuse Kembs /Istein und evt. Rheinweiler zu fahren. Die Rückfahrt
