2840 3799
1458 231 117 128 2 -

1823 366 685 123 Basel. 4.10.32.

566 333 655 159 Herrn Dr. Max Vischer,

569 471 1863 104 dieses Bootes würde an Sonntagen so angesetzt, dass noch eine

560 568 1752 110 Abendfahrt nach Rheinfelden stattfinden kann, wodurch die

566 665 1835 121 Möglichkeit geboten ist, die mit dem zweiten Nachmittagskurs

566 767 1827 126 nach Rheinfelden verbrachten Personen alle wieder per Schiff

559 887 898 109 nach Basel zurückzubefördern.

1102 972 1379 110 Ausserdem ist beabsichtigt, an gewissen Tagen

568 1070 1863 96 Fahrten nach Neuenburg zu veranstalten. In Neuenburg wird ein

559 1186 1953 83 Autoanschluss nach Badenweiler eingerichtet, sodass die Möglich-

564 1275 1880 96 keit besteht, diesen Kurort teilweise per Schiff zu erreichen.

556 1388 2037 78 Den Badenweiler Kurgästen wird Gelegenheit geboten, die interessan-

562 1479 1586 101 ten Kembser Anlagen und die Stadt Basel zu besuchen.

1101 1585 1268 94 Mit der Gemeinde Rheinfelden sind wir zur

563 1675 1898 98 Zeit in Unterhandlung über die Errichtung eines Landungssteges

569 1782 1895 92 im Strandbad Rheinfelden. Wir versprechen uns von der direkten

569 1868 2013 129 Bedienung des Strandbades Rheinfelden einen Zuwachs an Passagieren

569 1978 1880 109 und erwägen, ob wir an schönen Sommertagen nicht vor dem Fahr-

569 2087 1916 109 plankurs einen Extrakurs für das Strandbad Rheinfelden einlegen

569 2196 230 107 wollen.

1107 2277 1465 109 Leider machen die Wirte und Konditoren in Rhein-

569 2397 1991 80 felden aus der kleinlichen Erwägung heraus, es werden ihnen durch

570 2489 1978 84 diesen Landungssteg Gäste entzogen, diesem Projekt vorläufig noch

564 2588 2023 96 Opposition. Wir hoffen aber, diese Opposition beseitigen zu können

569 2696 1922 92 und haben zu diesem Zweck der Gemeinde Rheinfelden bereits mit-

572 2814 1890 72 geteilt, dass wir die täglichen Fahrten nach Rheinfelden, wenn

575 2877 1800 112 nicht ein Landungssteg im Strandbad errichtet wird, mangels

570 2991 2036 119 Frequenz nicht einhalten werden können, wobei wir die Gemeinde ins-

575 3082 1898 106 besondere darauf aufmerksam gemacht haben, dass in diesem Fall

582 3186 1893 88 in erster Linie die Wirte und Konditoren, die heute Opposition

573 3275 1878 111 gegen den Landungssteg im Strandbad machen, geschädigt werden.

1116 3384 1480 129 Mit dem Baudepartement sind wir in Unterhandlung
