2845 3798
183 650 2457 102 BASLER RHEINSCHIFFAHRT AKTIENGESELLSCHAFT

1368 828 287 76 BASEL 19

242 833 532 84 Fahrplanmässiger Personenver¬

1826 819 329 95 BASEL

787 844 1001 139 NEUE ADRESSE: Westqualstrasse 60

1836 907 342 60 MARKTGASSE 5

243 900 525 81 kehr nach Rheinfelden, Kraft¬

1823 964 346 59 TELEPHON 24.790

232 963 543 68 werk Kembs-Istein-Rheinweiler

1804 1007 619 112 den 21. August 1935.

228 1025 544 78 GESELLSCHAFTSFAHRTEN

232 1086 562 104 ABENDFAHRTEN

506 1147 115 93 R/J

1262 1192 1226 109 Basler Personenschiffahrts-Gesellschaft,

1255 1273 764 67 z.H. des Herrn Oettinger,

1261 1314 346 116 Basel.

900 1500 1532 94 Auf Ihre Zuschrift vom 17. August teilen wir Ihnen

591 1602 1845 76 mit, dass ausser dem Erstunterzeichneten niemand da ist, der

582 1708 1878 97 über den Personenschiffahrts-Betrieb im letzten Jahr Auskunft

596 1802 1815 105 geben kann. Wie Ihnen bekannt ist, ist Herr Groschupf nicht

591 1900 1911 112 mehr bei uns und der Herr, welcher sich jetzt mit der Personen-

584 1998 1878 88 schiffahrt beschäftigt, war letztes Jahr noch nicht in unserm

584 2117 1939 100 Dienst. Wir glauben, dass ausser Herrn Wacker und den Herren aus

584 2209 2048 83 Kaiseraugst niemand Auskunft über die Personenschiffahrt verlangen

598 2319 170 82 wird.

894 2400 1714 99 Die fahrplanmässige Bedienung der Station Schweizerhalle

594 2513 2017 94 musste eingestellt werden, weil sozusagen keine Frequenz vorhanden

595 2627 1981 77 war. Es hat keinen Sinn wegen einem oder keinem Passagier auf der

590 2711 1969 101 Talfahrt aufzudrehen und 5 Minuten zu verlieren, da das Publikum

596 2806 1984 98 sowieso schon reklamiert, dass die Fahrt nach Rheinfelden und zu-

588 2902 1939 98 rück viel zu lange daure. Wir werden die Station Schweizerhalle

591 3010 1896 88 für Vereine, Gesellschaften und Schulen nach wie vor bedienen.

595 3108 1964 122 Wir haben auch letztes Jahr festgestellt, dass die Hauptfrequenz

604 3227 2008 85 von Gesellschaften und Schulen stammt und Einzelreisende sehr sel-

607 3310 314 106 ten waren.

2382 3330 106 124 2 -

290 3441 2260 79 Wir sind die modernst ausgerüstete Schweizerische Rheinreederel mit 42 eigenen Schiffen und 7200 Dieselmotoren P. S. (wovon 6500 P. S. Sulzermotoren).

288 3513 2266 45 Schnellverkehr zwischen Schweiz-Nordsee-Schweiz für Stück- und Massengüter aller Art. Kürzeste Reisedauer, zuverl. Durchführung, konkurrenzfählge Frachtsätze.

490 3544 1865 89 Vertreiungen oder Tochtergesellschaften in Antwerpen, Rotterdam, Dulsburg-Ruhrort, Köln, Mannheim, Karlsruhe, Kehl, Strassburg.
