2845 3798
1394 246 58 97 3

851 400 1555 87 Zu Ihrer Orientierung diene, dass wir letztes Jahr,

580 517 1839 87 trotzdem wir eine gute Saison hatten und auch unsere Reklame

581 615 1857 86 viel ausgebauter war als in frühern Jahren wiederum einen Be-

580 716 1880 88 triebsverlust von Fr. 15,000.- hatten, welchen wir aus den Er-

590 817 1669 76 trägnissen unseres Speditionsgeschäftes decken mussten.

851 912 1613 90 Alle diejenigen, die über unsern Betrieb reklamieren,

570 1017 1991 71 müssen sich immer vor Augen halten, dass wir ein nicht subventio-

576 1114 2055 91 niertes Unternehmen sind, das sich als Einzelunternehmen, d.h. wenn

583 1216 1931 66 es nicht an ein Speditionsgeschäft angegliedert wäre, gar nicht

568 1317 605 87 unterhalten könnte.

848 1415 1715 81 Wir bitten Sie, falls Reklamationen von Herrn Wacker und

576 1510 1956 92 von Kaiseraugst eintreffen, diese nicht etwa zu begünstigen mit

569 1602 1984 79 Rücksicht auf die Ihnen geschilderte finanzielle Lage dieser Per-

570 1708 523 102 sonenschiffahrt.

844 1812 1727 112 Wir wünschen Ihnen guten Verlauf der General-Versammlung

567 1917 552 90 und begrüssen Sie

1621 2000 948 96 /mit vorzüglicher Hochachtung

1968 2075 191 64 BASLER

1570 2061 1064 172 RAENSCHIFFAHRT AKTIENGESELLSCHAFT

2095 2172 158 104 oaf

2134 2217 445 159 Vrnig

1643 2232 470 145 W
