2845 3797
358 322 2122 124 BASLER RHEINSCHIFFAHRT AKTIENGESELLSCHAFT

364 429 841 136 BASEL 19 / POSTFACH 4

353 640 2140 80 Telephon: 24.790  Telegramme: Navibale / Postcheckkonto: V 3012 / Bankverbindung: Schweiz. Bankverein Basel

1789 737 635 98 Basel, 15. Juni 1937

1807 825 540 79 Buchhaltung E/Hp.

676 915 659 109 Herrn Dr. Max Vischer

1985 930 395 138 Ab 14. Juni 1937

678 989 214 64 Advokat

664 1018 543 105 St. Albangraben 8

1908 1026 553 109 neue Telephon-Nummer:

668 1104 275 87 Basel

2036 1107 311 98 20.880

670 1396 1394 106 Betr. Basler Personenschiffahrtsgesellschaft.

664 1493 1801 88 Sie haben uns letzte Woche angefragt, ob wir bereit wären,

656 1573 1945 82 die Hypothek "Rhyblitz" schon per Ende 1937, anstatt kontrakt-

664 1650 1820 90 gemäss per 1.Februar 1938 zurückzuzahlen. Wir können Ihnen

660 1736 1960 89 hierauf mitteilen, dass wir mit diesem Vorschlag einverstanden

671 1818 1833 67 sind und die Rückzahlung also per Ende Dezember 1937 vorge-

657 1909 385 71 sehen haben.

666 1973 1868 87 Ferner haben Sie den Wunsch geäussert, uns etwelche Aktiven,

661 2075 1966 69 welche Sie noch veräussern könnten, abzutreten. Wir bitten Sie,

658 2136 1973 69 uns vorerst diese Aktiven näher zu bezeichnen und eine Offerte

661 2216 1306 101 beizulegen, wie Sie solche abgeben können.

656 2310 1413 77 Wir werden uns dann die Sache noch überlegen.

1732 2372 545 90 Hochachtungsvoll:

1863 2455 197 80 Basler

1396 2513 1077 77 Rheinschiffahrt-Aktiengesellschaft

1932 2570 457 138 Mrtottst
